{"ev": "T", "sym": "SPY", "i": "52983525424948", "x": 18, "p": 312.95, "s": 156, "c": [14, 41], "t": 1592420624039, "z": 1, "a": 1592420624278370000}
{"ev": "T", "sym": "SPY", "i": "52983575696951", "x": 11, "p": 312.95, "s": 100, "c": [14, 41], "t": 1592420624041, "z": 1, "a": 1592420624278511000}
{"ev": "T", "sym": "SPY", "i": "52983526287198", "x": 19, "p": 312.95, "s": 200, "c": [14, 41], "t": 1592420624041, "z": 1, "a": 1592420624278544000}
{"ev": "T", "sym": "SPY", "i": "52983526143810", "x": 8, "p": 312.95, "s": 100, "c": [14, 41], "t": 1592420624041, "z": 1, "a": 1592420624278567000}
{"ev": "T", "sym": "SPY", "i": "52983526143811", "x": 8, "p": 312.95, "s": 100, "c": [14, 41], "t": 1592420624041, "z": 1, "a": 1592420624278587000}
{"ev": "T", "sym": "SPY", "i": "52983526143812", "x": 8, "p": 312.95, "s": 20, "c": [14, 37, 41], "t": 1592420624041, "z": 1, "a": 1592420624278606000}
{"ev": "T", "sym": "SPY", "i": "71684317525044", "x": 4, "p": 312.94, "s": 100, "t": 1592420624102, "z": 1, "a": 1592420624280071000}
{"ev": "T", "sym": "SPY", "i": "71684317525832", "x": 4, "p": 312.95, "s": 100, "t": 1592420624780, "z": 1, "a": 1592420624996675000}
{"ev": "T", "sym": "SPY", "i": "71684317526065", "x": 4, "p": 312.95, "s": 1, "c": [37], "t": 1592420624945, "z": 1, "a": 1592420624999635000}
{"ev": "T", "sym": "SPY", "i": "71684317526068", "x": 4, "p": 312.9499, "s": 5, "c": [37], "t": 1592420624957, "z": 1, "a": 1592420625049101000}
{"ev": "T", "sym": "GLD", "i": "71684317526344", "x": 4, "p": 162.3187, "s": 1000, "t": 1592420625194, "z": 1, "a": 1592420625289624000}
{"ev": "T", "sym": "SPY", "i": "52983575696963", "x": 11, "p": 312.95, "s": 100, "c": [14, 41], "t": 1592420625416, "z": 1, "a": 1592420625525759000}
{"ev": "T", "sym": "SPY", "i": "3472338192520863576", "x": 12, "p": 312.95, "s": 100, "c": [14, 41], "t": 1592420625416, "z": 1, "a": 1592420625525843000}
{"ev": "T", "sym": "SPY", "i": "3472338192520863583", "x": 12, "p": 312.94, "s": 20, "c": [14, 37, 41], "t": 1592420625416, "z": 1, "a": 1592420625525891000}
{"ev": "T", "sym": "SPY", "i": "52983575696964", "x": 11, "p": 312.94, "s": 80, "c": [14, 37, 41], "t": 1592420625417, "z": 1, "a": 1592420625525932000}
{"ev": "T", "sym": "SPY", "i": "52983575696966", "x": 11, "p": 312.94, "s": 100, "c": [14, 41], "t": 1592420625417, "z": 1, "a": 1592420625526146000}
{"ev": "T", "sym": "SPY", "i": "52983575696969", "x": 11, "p": 312.94, "s": 180, "c": [14, 41], "t": 1592420625417, "z": 1, "a": 1592420625526193000}
{"ev": "T", "sym": "SPY", "i": "52983526287202", "x": 19, "p": 312.93, "s": 112, "c": [14, 41], "t": 1592420625418, "z": 1, "a": 1592420625526227000}
{"ev": "T", "sym": "SPY", "i": "3472338192520864566", "x": 12, "p": 312.93, "s": 2, "c": [37], "t": 1592420625422, "z": 1, "a": 1592420625527688000}
{"ev": "T", "sym": "SPY", "i": "52983575696967", "x": 11, "p": 312.94, "s": 720, "c": [14, 41], "t": 1592420625417, "z": 1, "a": 1592420625527770000}
{"ev": "T", "sym": "SPY", "i": "52983575696968", "x": 11, "p": 312.94, "s": 300, "c": [14, 41], "t": 1592420625417, "z": 1, "a": 1592420625527818000}
{"ev": "T", "sym": "SPY", "i": "52983575696970", "x": 11, "p": 312.94, "s": 120, "c": [14, 41], "t": 1592420625417, "z": 1, "a": 1592420625527859000}
{"ev": "T", "sym": "SPY", "i": "52983575696971", "x": 11, "p": 312.93, "s": 112, "c": [14, 41], "t": 1592420625417, "z": 1, "a": 1592420625527894000}
{"ev": "T", "sym": "SPY", "i": "52983575696972", "x": 11, "p": 312.93, "s": 100, "c": [14, 41], "t": 1592420625417, "z": 1, "a": 1592420625529170000}
{"ev": "T", "sym": "SPY", "i": "52983575696973", "x": 11, "p": 312.93, "s": 100, "c": [14, 41], "t": 1592420625417, "z": 1, "a": 1592420625530963000}
{"ev": "T", "sym": "SPY", "i": "52983525424949", "x": 18, "p": 312.93, "s": 100, "c": [14, 41], "t": 1592420625418, "z": 1, "a": 1592420625531016000}
{"ev": "T", "sym": "SPY", "i": "52983526143816", "x": 8, "p": 312.94, "s": 100, "c": [14, 41], "t": 1592420625418, "z": 1, "a": 1592420625531037000}
{"ev": "T", "sym": "SPY", "i": "52983526143817", "x": 8, "p": 312.93, "s": 12, "c": [14, 37, 41], "t": 1592420625418, "z": 1, "a": 1592420625531054000}
{"ev": "T", "sym": "SPY", "i": "3472338192520863814", "x": 12, "p": 312.93, "s": 112, "c": [14, 41], "t": 1592420625418, "z": 1, "a": 1592420625531069000}
{"ev": "T", "sym": "SPY", "i": "3472338192520863815", "x": 12, "p": 312.93, "s": 100, "c": [14, 41], "t": 1592420625418, "z": 1, "a": 1592420625531083000}
{"ev": "T", "sym": "SPY", "i": "52983526287203", "x": 19, "p": 312.93, "s": 100, "c": [14, 41], "t": 1592420625418, "z": 1, "a": 1592420625531096000}
{"ev": "T", "sym": "SPY", "i": "52983526143818", "x": 8, "p": 312.93, "s": 100, "c": [14, 41], "t": 1592420625418, "z": 1, "a": 1592420625531109000}
{"ev": "T", "sym": "SPY", "i": "52983526143820", "x": 8, "p": 312.9, "s": 100, "c": [14, 41], "t": 1592420625444, "z": 1, "a": 1592420625617379000}
{"ev": "T", "sym": "SPY", "i": "3472338192520866617", "x": 12, "p": 312.9, "s": 32, "c": [14, 37, 41], "t": 1592420625444, "z": 1, "a": 1592420625618104000}
{"ev": "T", "sym": "SPY", "i": "3472338192520866618", "x": 12, "p": 312.9, "s": 43, "c": [14, 37, 41], "t": 1592420625445, "z": 1, "a": 1592420625618153000}
{"ev": "T", "sym": "SPY", "i": "79372477616471", "x": 4, "p": 312.9, "s": 45, "c": [37], "t": 1592420625480, "z": 1, "a": 1592420625618181000}
{"ev": "T", "sym": "SPY", "i": "3472338192520917338", "x": 12, "p": 312.93, "s": 98, "c": [14, 37, 41], "t": 1592420625718, "z": 1, "a": 1592420625917994000}
{"ev": "T", "sym": "SPY", "i": "3472338192520917339", "x": 12, "p": 312.93, "s": 100, "c": [14, 41], "t": 1592420625718, "z": 1, "a": 1592420625918074000}
{"ev": "T", "sym": "SPY", "i": "3472338192520917340", "x": 12, "p": 312.93, "s": 100, "c": [14, 41], "t": 1592420625718, "z": 1, "a": 1592420625918115000}
{"ev": "T", "sym": "SPY", "i": "3472338192520917341", "x": 12, "p": 312.93, "s": 102, "c": [14, 41], "t": 1592420625718, "z": 1, "a": 1592420625918143000}
{"ev": "T", "sym": "SPY", "i": "79372477616961", "x": 4, "p": 312.92, "s": 100, "t": 1592420625970, "z": 1, "a": 1592420626023203000}
{"ev": "T", "sym": "SPY", "i": "71684317530195", "x": 4, "p": 312.9, "s": 100, "t": 1592420626137, "z": 1, "a": 1592420626328017000}
{"ev": "T", "sym": "SPY", "i": "3472338192520917843", "x": 12, "p": 312.9, "s": 100, "t": 1592420626142, "z": 1, "a": 1592420626328100000}
{"ev": "T", "sym": "SPY", "i": "3472338192520917844", "x": 12, "p": 312.9, "s": 300, "t": 1592420626142, "z": 1, "a": 1592420626328172000}
{"ev": "T", "sym": "SPY", "i": "3472338192520918071", "x": 12, "p": 312.91, "s": 100, "t": 1592420626237, "z": 1, "a": 1592420626329098000}
{"ev": "T", "sym": "SPY", "i": "52983575752752", "x": 11, "p": 312.9, "s": 100, "c": [14, 41], "t": 1592420626237, "z": 1, "a": 1592420626375441000}
{"ev": "T", "sym": "SPY", "i": "52983526143821", "x": 8, "p": 312.9, "s": 160, "t": 1592420626263, "z": 1, "a": 1592420626435454000}
{"ev": "T", "sym": "SPY", "i": "52983526143822", "x": 8, "p": 312.9, "s": 140, "t": 1592420626263, "z": 1, "a": 1592420626435505000}
{"ev": "T", "sym": "SPY", "i": "52983526143823", "x": 8, "p": 312.9, "s": 100, "c": [14, 41], "t": 1592420626265, "z": 1, "a": 1592420626435523000}
{"ev": "T", "sym": "SPY", "i": "71675224602179", "x": 4, "p": 312.9, "s": 100, "t": 1592420626650, "z": 1, "a": 1592420626840525000}
{"ev": "T", "sym": "SPY", "i": "71684317531721", "x": 4, "p": 312.895, "s": 1, "c": [37], "t": 1592420627010, "z": 1, "a": 1592420627147224000}
{"ev": "T", "sym": "SPY", "i": "79372477617494", "x": 4, "p": 312.905, "s": 100, "t": 1592420627113, "z": 1, "a": 1592420627212376000}
{"ev": "T", "sym": "SPY", "i": "52983526143837", "x": 8, "p": 312.9, "s": 2, "c": [14, 37, 41], "t": 1592420627230, "z": 1, "a": 1592420627335189000}
{"ev": "T", "sym": "SPY", "i": "3472338192520921445", "x": 12, "p": 312.91, "s": 100, "c": [14, 41], "t": 1592420627230, "z": 1, "a": 1592420627335325000}
{"ev": "T", "sym": "SPY", "i": "3472338192520921447", "x": 12, "p": 312.91, "s": 100, "c": [14, 41], "t": 1592420627230, "z": 1, "a": 1592420627335383000}
{"ev": "T", "sym": "SPY", "i": "52983526143838", "x": 8, "p": 312.91, "s": 100, "c": [14, 41], "t": 1592420627243, "z": 1, "a": 1592420627335419000}
{"ev": "T", "sym": "SPY", "i": "71684317532249", "x": 4, "p": 312.9079, "s": 50, "c": [37], "t": 1592420627478, "z": 1, "a": 1592420627638510000}
{"ev": "T", "sym": "SPY", "i": "79372477617747", "x": 4, "p": 312.9001, "s": 100, "t": 1592420627507, "z": 1, "a": 1592420627641369000}
{"ev": "T", "sym": "SPY", "i": "3472328524533101883", "x": 15, "p": 312.92, "s": 100, "t": 1592420627555, "z": 1, "a": 1592420627645789000}
{"ev": "T", "sym": "SPY", "i": "71684317532499", "x": 4, "p": 312.92, "s": 100, "t": 1592420627555, "z": 1, "a": 1592420627645891000}
{"ev": "T", "sym": "SPY", "i": "71684317532500", "x": 4, "p": 312.92, "s": 100, "t": 1592420627561, "z": 1, "a": 1592420627645919000}
{"ev": "T", "sym": "SPY", "i": "52983526143843", "x": 8, "p": 312.92, "s": 97, "c": [37], "t": 1592420627569, "z": 1, "a": 1592420627645938000}
{"ev": "T", "sym": "SPY", "i": "52983526143844", "x": 8, "p": 312.92, "s": 3, "c": [37], "t": 1592420627569, "z": 1, "a": 1592420627645957000}
{"ev": "T", "sym": "SPY", "i": "71684317532981", "x": 4, "p": 312.92, "s": 100, "t": 1592420627672, "z": 1, "a": 1592420627754675000}
{"ev": "T", "sym": "SPY", "i": "79372477617968", "x": 4, "p": 312.9033, "s": 2, "c": [37], "t": 1592420627762, "z": 1, "a": 1592420627807729000}
{"ev": "T", "sym": "SPY", "i": "52983575752755", "x": 11, "p": 312.9, "s": 100, "c": [14, 41], "t": 1592420628078, "z": 1, "a": 1592420628274140000}
{"ev": "T", "sym": "SPY", "i": "52983526287223", "x": 19, "p": 312.89, "s": 100, "c": [14, 41], "t": 1592420628078, "z": 1, "a": 1592420628424845000}
{"ev": "T", "sym": "SPY", "i": "52983526143845", "x": 8, "p": 312.89, "s": 100, "c": [14, 41], "t": 1592420628078, "z": 1, "a": 1592420628424939000}
{"ev": "T", "sym": "SPY", "i": "52983526143846", "x": 8, "p": 312.89, "s": 100, "c": [14, 41], "t": 1592420628078, "z": 1, "a": 1592420628424981000}
{"ev": "T", "sym": "SPY", "i": "3472338192520922688", "x": 12, "p": 312.89, "s": 100, "c": [14, 41], "t": 1592420628078, "z": 1, "a": 1592420628425009000}
{"ev": "T", "sym": "SPY", "i": "52983575752756", "x": 11, "p": 312.89, "s": 100, "c": [14, 41], "t": 1592420628078, "z": 1, "a": 1592420628425104000}
{"ev": "T", "sym": "SPY", "i": "52983575752757", "x": 11, "p": 312.89, "s": 100, "c": [14, 41], "t": 1592420628078, "z": 1, "a": 1592420628425145000}
{"ev": "T", "sym": "SPY", "i": "3472328524533479289", "x": 15, "p": 312.9, "s": 100, "t": 1592420628079, "z": 1, "a": 1592420628425168000}
{"ev": "T", "sym": "SPY", "i": "52983575752758", "x": 11, "p": 312.89, "s": 100, "c": [14, 41], "t": 1592420628080, "z": 1, "a": 1592420628425190000}
{"ev": "T", "sym": "SPY", "i": "79372477618009", "x": 4, "p": 312.86, "s": 25, "c": [37], "t": 1592420628128, "z": 1, "a": 1592420628425212000}
{"ev": "T", "sym": "SPY", "i": "71684317590066", "x": 4, "p": 312.8677, "s": 50, "c": [37], "t": 1592420628532, "z": 1, "a": 1592420628621574000}
{"ev": "T", "sym": "SPY", "i": "79372477618265", "x": 4, "p": 312.8799, "s": 100, "t": 1592420628681, "z": 1, "a": 1592420628733340000}
{"ev": "T", "sym": "SPY", "i": "52983575752761", "x": 11, "p": 312.88, "s": 100, "c": [14, 41], "t": 1592420628911, "z": 1, "a": 1592420629106308000}
{"ev": "T", "sym": "GLD", "i": "52983561077555", "x": 11, "p": 162.31, "s": 100, "c": [14, 41], "t": 1592420629082, "z": 1, "a": 1592420629134112000}
{"ev": "T", "sym": "GLD", "i": "52983525502540", "x": 8, "p": 162.3, "s": 100, "c": [14, 41], "t": 1592420629082, "z": 1, "a": 1592420629183220000}
{"ev": "T", "sym": "GLD", "i": "52983525749594", "x": 19, "p": 162.3, "s": 100, "c": [14, 41], "t": 1592420629082, "z": 1, "a": 1592420629183290000}
{"ev": "T", "sym": "GLD", "i": "52983525502541", "x": 8, "p": 162.3, "s": 300, "c": [14, 41], "t": 1592420629082, "z": 1, "a": 1592420629183316000}
{"ev": "T", "sym": "GLD", "i": "52983525749595", "x": 19, "p": 162.3, "s": 100, "c": [14, 41], "t": 1592420629082, "z": 1, "a": 1592420629183334000}
{"ev": "T", "sym": "GLD", "i": "52983525502542", "x": 8, "p": 162.3, "s": 100, "c": [14, 41], "t": 1592420629082, "z": 1, "a": 1592420629183348000}
{"ev": "T", "sym": "GLD", "i": "3472338192520929353", "x": 12, "p": 162.31, "s": 100, "c": [14, 41], "t": 1592420629083, "z": 1, "a": 1592420629183361000}
{"ev": "T", "sym": "GLD", "i": "3472338192520929354", "x": 12, "p": 162.31, "s": 100, "c": [14, 41], "t": 1592420629083, "z": 1, "a": 1592420629183375000}
{"ev": "T", "sym": "GLD", "i": "52983526802753", "x": 1, "p": 162.3, "s": 50, "c": [14, 37, 41], "t": 1592420629187, "z": 1, "a": 1592420629245045000}
{"ev": "T", "sym": "GLD", "i": "52983526802754", "x": 1, "p": 162.29, "s": 100, "c": [14, 41], "t": 1592420629220, "z": 1, "a": 1592420629304381000}
{"ev": "T", "sym": "GLD", "i": "52983561077558", "x": 11, "p": 162.29, "s": 100, "c": [14, 41], "t": 1592420629220, "z": 1, "a": 1592420629304438000}
{"ev": "T", "sym": "GLD", "i": "52983526802755", "x": 1, "p": 162.28, "s": 100, "c": [14, 41], "t": 1592420629220, "z": 1, "a": 1592420629304463000}
{"ev": "T", "sym": "GLD", "i": "52983561077559", "x": 11, "p": 162.29, "s": 10, "c": [14, 37, 41], "t": 1592420629220, "z": 1, "a": 1592420629304482000}
{"ev": "T", "sym": "GLD", "i": "52983561077560", "x": 11, "p": 162.29, "s": 100, "c": [14, 41], "t": 1592420629220, "z": 1, "a": 1592420629304501000}
{"ev": "T", "sym": "GLD", "i": "52983561077561", "x": 11, "p": 162.28, "s": 100, "c": [14, 41], "t": 1592420629220, "z": 1, "a": 1592420629304518000}
{"ev": "T", "sym": "GLD", "i": "52983525749596", "x": 19, "p": 162.29, "s": 100, "c": [14, 41], "t": 1592420629220, "z": 1, "a": 1592420629304535000}
{"ev": "T", "sym": "GLD", "i": "52983525502543", "x": 8, "p": 162.29, "s": 100, "c": [14, 41], "t": 1592420629220, "z": 1, "a": 1592420629304551000}
{"ev": "T", "sym": "GLD", "i": "52983525749597", "x": 19, "p": 162.29, "s": 100, "c": [14, 41], "t": 1592420629220, "z": 1, "a": 1592420629304568000}
{"ev": "T", "sym": "GLD", "i": "52983525502544", "x": 8, "p": 162.29, "s": 300, "c": [14, 41], "t": 1592420629220, "z": 1, "a": 1592420629304584000}
{"ev": "T", "sym": "GLD", "i": "52983525749598", "x": 19, "p": 162.29, "s": 100, "c": [14, 41], "t": 1592420629220, "z": 1, "a": 1592420629304600000}
{"ev": "T", "sym": "GLD", "i": "52983525502545", "x": 8, "p": 162.29, "s": 100, "c": [14, 41], "t": 1592420629220, "z": 1, "a": 1592420629304616000}
{"ev": "T", "sym": "GLD", "i": "52983525749599", "x": 19, "p": 162.28, "s": 100, "c": [14, 41], "t": 1592420629220, "z": 1, "a": 1592420629304633000}
{"ev": "T", "sym": "GLD", "i": "3472338191849639226", "x": 17, "p": 162.3, "s": 1, "c": [14, 37, 41], "t": 1592420629220, "z": 1, "a": 1592420629304650000}
{"ev": "T", "sym": "GLD", "i": "3472338191867534652", "x": 2, "p": 162.29, "s": 2, "c": [14, 37, 41], "t": 1592420629220, "z": 1, "a": 1592420629304669000}
{"ev": "T", "sym": "GLD", "i": "3472338192520929871", "x": 12, "p": 162.3, "s": 100, "c": [14, 41], "t": 1592420629220, "z": 1, "a": 1592420629304694000}
{"ev": "T", "sym": "GLD", "i": "3472338191867534653", "x": 2, "p": 162.28, "s": 2, "c": [14, 37, 41], "t": 1592420629220, "z": 1, "a": 1592420629304714000}
{"ev": "T", "sym": "GLD", "i": "3472338191849639227", "x": 17, "p": 162.29, "s": 2, "c": [14, 37, 41], "t": 1592420629220, "z": 1, "a": 1592420629304732000}
{"ev": "T", "sym": "GLD", "i": "52983525749600", "x": 19, "p": 162.28, "s": 100, "c": [14, 41], "t": 1592420629220, "z": 1, "a": 1592420629304750000}
{"ev": "T", "sym": "GLD", "i": "3472338192520929872", "x": 12, "p": 162.3, "s": 100, "c": [14, 41], "t": 1592420629220, "z": 1, "a": 1592420629304768000}
{"ev": "T", "sym": "GLD", "i": "3472338192520929873", "x": 12, "p": 162.3, "s": 100, "c": [14, 41], "t": 1592420629220, "z": 1, "a": 1592420629304785000}
{"ev": "T", "sym": "GLD", "i": "3472338191867534654", "x": 2, "p": 162.28, "s": 100, "c": [14, 41], "t": 1592420629220, "z": 1, "a": 1592420629304802000}
{"ev": "T", "sym": "GLD", "i": "52983525502546", "x": 8, "p": 162.28, "s": 100, "c": [14, 41], "t": 1592420629220, "z": 1, "a": 1592420629304819000}
{"ev": "T", "sym": "GLD", "i": "3472338192520929874", "x": 12, "p": 162.3, "s": 10, "c": [14, 37, 41], "t": 1592420629220, "z": 1, "a": 1592420629304837000}
{"ev": "T", "sym": "GLD", "i": "3472338192520929875", "x": 12, "p": 162.29, "s": 100, "c": [14, 41], "t": 1592420629220, "z": 1, "a": 1592420629304855000}
{"ev": "T", "sym": "GLD", "i": "52983525749601", "x": 19, "p": 162.28, "s": 100, "c": [14, 41], "t": 1592420629220, "z": 1, "a": 1592420629304872000}
{"ev": "T", "sym": "GLD", "i": "3472338191849639228", "x": 17, "p": 162.28, "s": 2, "c": [14, 37, 41], "t": 1592420629220, "z": 1, "a": 1592420629304923000}
{"ev": "T", "sym": "GLD", "i": "3472338192520929876", "x": 12, "p": 162.29, "s": 100, "c": [14, 41], "t": 1592420629220, "z": 1, "a": 1592420629304952000}
{"ev": "T", "sym": "GLD", "i": "3472338192520929877", "x": 12, "p": 162.29, "s": 100, "c": [14, 41], "t": 1592420629220, "z": 1, "a": 1592420629304967000}
{"ev": "T", "sym": "GLD", "i": "52983525749602", "x": 19, "p": 162.28, "s": 100, "c": [14, 41], "t": 1592420629221, "z": 1, "a": 1592420629304978000}
{"ev": "T", "sym": "GLD", "i": "52983525502547", "x": 8, "p": 162.28, "s": 400, "c": [14, 41], "t": 1592420629221, "z": 1, "a": 1592420629304988000}
{"ev": "T", "sym": "GLD", "i": "52983525502548", "x": 8, "p": 162.28, "s": 100, "c": [14, 41], "t": 1592420629221, "z": 1, "a": 1592420629304998000}
{"ev": "T", "sym": "GLD", "i": "52983525502549", "x": 8, "p": 162.28, "s": 100, "c": [14, 41], "t": 1592420629221, "z": 1, "a": 1592420629305007000}
{"ev": "T", "sym": "GLD", "i": "52983525502550", "x": 8, "p": 162.28, "s": 100, "c": [14, 41], "t": 1592420629221, "z": 1, "a": 1592420629305017000}
{"ev": "T", "sym": "SPY", "i": "3472338192520929879", "x": 12, "p": 312.88, "s": 100, "t": 1592420629226, "z": 1, "a": 1592420629320144000}
{"ev": "T", "sym": "SPY", "i": "3472338192520929880", "x": 12, "p": 312.88, "s": 100, "t": 1592420629226, "z": 1, "a": 1592420629320205000}
{"ev": "T", "sym": "GLD", "i": "52983526802756", "x": 1, "p": 162.29, "s": 100, "c": [14, 41], "t": 1592420629517, "z": 1, "a": 1592420629605009000}
{"ev": "T", "sym": "GLD", "i": "52983525622582", "x": 10, "p": 162.29, "s": 200, "c": [14, 41], "t": 1592420629517, "z": 1, "a": 1592420629605049000}
{"ev": "T", "sym": "GLD", "i": "52983561077569", "x": 11, "p": 162.29, "s": 100, "c": [14, 41], "t": 1592420629517, "z": 1, "a": 1592420629634347000}
{"ev": "T", "sym": "GLD", "i": "52983561077570", "x": 11, "p": 162.29, "s": 100, "c": [14, 41], "t": 1592420629517, "z": 1, "a": 1592420629634382000}
{"ev": "T", "sym": "GLD", "i": "52983561077571", "x": 11, "p": 162.29, "s": 100, "c": [14, 41], "t": 1592420629517, "z": 1, "a": 1592420629634397000}
{"ev": "T", "sym": "GLD", "i": "52983525749603", "x": 19, "p": 162.29, "s": 100, "c": [14, 41], "t": 1592420629517, "z": 1, "a": 1592420629634409000}
{"ev": "T", "sym": "GLD", "i": "52983525502551", "x": 8, "p": 162.29, "s": 700, "c": [14, 41], "t": 1592420629517, "z": 1, "a": 1592420629634419000}
{"ev": "T", "sym": "GLD", "i": "52983525502552", "x": 8, "p": 162.29, "s": 200, "c": [14, 41], "t": 1592420629517, "z": 1, "a": 1592420629634428000}
{"ev": "T", "sym": "GLD", "i": "52983561077572", "x": 11, "p": 162.29, "s": 100, "c": [14, 41], "t": 1592420629517, "z": 1, "a": 1592420629634438000}
{"ev": "T", "sym": "GLD", "i": "52983525749604", "x": 19, "p": 162.29, "s": 100, "c": [14, 41], "t": 1592420629517, "z": 1, "a": 1592420629634448000}
{"ev": "T", "sym": "GLD", "i": "52983525749605", "x": 19, "p": 162.29, "s": 100, "c": [14, 41], "t": 1592420629517, "z": 1, "a": 1592420629634457000}
{"ev": "T", "sym": "GLD", "i": "52983525502553", "x": 8, "p": 162.29, "s": 100, "c": [14, 41], "t": 1592420629517, "z": 1, "a": 1592420629634466000}
{"ev": "T", "sym": "GLD", "i": "3472338192520931127", "x": 12, "p": 162.29, "s": 100, "c": [14, 41], "t": 1592420629517, "z": 1, "a": 1592420629634476000}
{"ev": "T", "sym": "GLD", "i": "52983525749606", "x": 19, "p": 162.28, "s": 100, "t": 1592420629525, "z": 1, "a": 1592420629634485000}
{"ev": "T", "sym": "GLD", "i": "52983525749607", "x": 19, "p": 162.28, "s": 100, "t": 1592420629525, "z": 1, "a": 1592420629634495000}
{"ev": "T", "sym": "GLD", "i": "52983525749608", "x": 19, "p": 162.28, "s": 75, "c": [37], "t": 1592420629525, "z": 1, "a": 1592420629634504000}
{"ev": "T", "sym": "SPY", "i": "79372477673528", "x": 4, "p": 312.8701, "s": 1200, "t": 1592420629684, "z": 1, "a": 1592420629750643000}
{"ev": "T", "sym": "SPY", "i": "79372477673544", "x": 4, "p": 312.88, "s": 4, "c": [37], "t": 1592420629787, "z": 1, "a": 1592420629862211000}
{"ev": "T", "sym": "SPY", "i": "71684317597512", "x": 4, "p": 312.88, "s": 4, "c": [37], "t": 1592420629820, "z": 1, "a": 1592420629917648000}
{"ev": "T", "sym": "GLD", "i": "52983561077576", "x": 11, "p": 162.3, "s": 100, "c": [14, 41], "t": 1592420629980, "z": 1, "a": 1592420630018925000}
{"ev": "T", "sym": "GLD", "i": "52983525622583", "x": 10, "p": 162.3, "s": 100, "c": [14, 41], "t": 1592420629980, "z": 1, "a": 1592420630018960000}
{"ev": "T", "sym": "GLD", "i": "52983525242745", "x": 7, "p": 162.3, "s": 100, "c": [14, 41], "t": 1592420629980, "z": 1, "a": 1592420630077924000}
{"ev": "T", "sym": "GLD", "i": "52983525502554", "x": 8, "p": 162.3, "s": 100, "c": [14, 41], "t": 1592420629980, "z": 1, "a": 1592420630077963000}
{"ev": "T", "sym": "GLD", "i": "52983525749611", "x": 19, "p": 162.3, "s": 100, "c": [14, 41], "t": 1592420629980, "z": 1, "a": 1592420630077979000}
{"ev": "T", "sym": "GLD", "i": "52983525749612", "x": 19, "p": 162.3, "s": 100, "c": [14, 41], "t": 1592420629980, "z": 1, "a": 1592420630077992000}
{"ev": "T", "sym": "GLD", "i": "3472338192520932675", "x": 12, "p": 162.3, "s": 100, "c": [14, 41], "t": 1592420629980, "z": 1, "a": 1592420630078003000}
{"ev": "T", "sym": "GLD", "i": "3472338192520932676", "x": 12, "p": 162.3, "s": 100, "c": [14, 41], "t": 1592420629980, "z": 1, "a": 1592420630078014000}
{"ev": "T", "sym": "GLD", "i": "3472338192520932677", "x": 12, "p": 162.3, "s": 100, "c": [14, 41], "t": 1592420629980, "z": 1, "a": 1592420630078024000}
{"ev": "T", "sym": "GLD", "i": "3472338192520932678", "x": 12, "p": 162.3, "s": 100, "c": [14, 41], "t": 1592420629980, "z": 1, "a": 1592420630078035000}
{"ev": "T", "sym": "GLD", "i": "52983525749613", "x": 19, "p": 162.3, "s": 100, "c": [14, 41], "t": 1592420629980, "z": 1, "a": 1592420630078045000}
{"ev": "T", "sym": "GLD", "i": "3472328524536571442", "x": 15, "p": 162.3, "s": 200, "t": 1592420629981, "z": 1, "a": 1592420630078056000}
{"ev": "T", "sym": "GLD", "i": "3472338192520932690", "x": 12, "p": 162.31, "s": 100, "t": 1592420629985, "z": 1, "a": 1592420630078067000}
{"ev": "T", "sym": "GLD", "i": "3472338192520932691", "x": 12, "p": 162.31, "s": 100, "t": 1592420629985, "z": 1, "a": 1592420630078078000}
{"ev": "T", "sym": "GLD", "i": "52983525749615", "x": 19, "p": 162.31, "s": 70, "c": [14, 37, 41], "t": 1592420629985, "z": 1, "a": 1592420630078088000}
{"ev": "T", "sym": "GLD", "i": "52983525749616", "x": 19, "p": 162.31, "s": 30, "c": [37], "t": 1592420629985, "z": 1, "a": 1592420630078101000}
{"ev": "T", "sym": "SPY", "i": "71684317598810", "x": 4, "p": 312.87, "s": 100, "t": 1592420630483, "z": 1, "a": 1592420630628694000}
{"ev": "T", "sym": "SPY", "i": "79372477673798", "x": 4, "p": 312.86, "s": 75, "c": [37], "t": 1592420630487, "z": 1, "a": 1592420630630653000}
{"ev": "T", "sym": "SPY", "i": "71684317599025", "x": 4, "p": 312.861, "s": 200, "t": 1592420630489, "z": 1, "a": 1592420630630702000}
{"ev": "T", "sym": "SPY", "i": "71684317599026", "x": 4, "p": 312.86, "s": 125, "t": 1592420630493, "z": 1, "a": 1592420630630726000}
{"ev": "T", "sym": "SPY", "i": "52983526933057", "x": 3, "p": 312.88, "s": 100, "c": [14, 41], "t": 1592420630624, "z": 1, "a": 1592420630737351000}
{"ev": "T", "sym": "SPY", "i": "52983575752776", "x": 11, "p": 312.88, "s": 100, "c": [14, 41], "t": 1592420630624, "z": 1, "a": 1592420630737404000}
{"ev": "T", "sym": "SPY", "i": "52983575752777", "x": 11, "p": 312.89, "s": 200, "c": [14, 41], "t": 1592420630624, "z": 1, "a": 1592420630737429000}
{"ev": "T", "sym": "SPY", "i": "52983575752778", "x": 11, "p": 312.89, "s": 100, "c": [14, 41], "t": 1592420630625, "z": 1, "a": 1592420630737489000}
{"ev": "T", "sym": "SPY", "i": "52983575752779", "x": 11, "p": 312.89, "s": 400, "c": [14, 41], "t": 1592420630625, "z": 1, "a": 1592420630737508000}
{"ev": "T", "sym": "SPY", "i": "52983526143856", "x": 8, "p": 312.87, "s": 2, "c": [14, 37, 41], "t": 1592420630625, "z": 1, "a": 1592420630737525000}
{"ev": "T", "sym": "SPY", "i": "52983526143857", "x": 8, "p": 312.87, "s": 2, "c": [14, 37, 41], "t": 1592420630625, "z": 1, "a": 1592420630737545000}
{"ev": "T", "sym": "SPY", "i": "52983526287427", "x": 19, "p": 312.88, "s": 100, "c": [14, 41], "t": 1592420630625, "z": 1, "a": 1592420630737564000}
{"ev": "T", "sym": "SPY", "i": "3472338192520983376", "x": 12, "p": 312.88, "s": 200, "c": [14, 41], "t": 1592420630625, "z": 1, "a": 1592420630737582000}
{"ev": "T", "sym": "SPY", "i": "52983526287428", "x": 19, "p": 312.89, "s": 200, "c": [14, 41], "t": 1592420630625, "z": 1, "a": 1592420630737600000}
{"ev": "T", "sym": "SPY", "i": "3472338192520983377", "x": 12, "p": 312.88, "s": 100, "c": [14, 41], "t": 1592420630625, "z": 1, "a": 1592420630737618000}
{"ev": "T", "sym": "SPY", "i": "3472338192520983378", "x": 12, "p": 312.89, "s": 200, "c": [14, 41], "t": 1592420630625, "z": 1, "a": 1592420630737634000}
{"ev": "T", "sym": "SPY", "i": "3472338192520983379", "x": 12, "p": 312.89, "s": 100, "c": [14, 41], "t": 1592420630625, "z": 1, "a": 1592420630737651000}
{"ev": "T", "sym": "SPY", "i": "3472338192520983380", "x": 12, "p": 312.89, "s": 100, "c": [14, 41], "t": 1592420630625, "z": 1, "a": 1592420630737668000}
{"ev": "T", "sym": "SPY", "i": "52983526287429", "x": 19, "p": 312.89, "s": 100, "c": [14, 41], "t": 1592420630625, "z": 1, "a": 1592420630737688000}
{"ev": "T", "sym": "SPY", "i": "3472338192520983381", "x": 12, "p": 312.89, "s": 100, "c": [14, 41], "t": 1592420630625, "z": 1, "a": 1592420630737706000}
{"ev": "T", "sym": "SPY", "i": "52983526143858", "x": 8, "p": 312.87, "s": 3, "c": [14, 37, 41], "t": 1592420630625, "z": 1, "a": 1592420630737722000}
{"ev": "T", "sym": "SPY", "i": "52983526287430", "x": 19, "p": 312.89, "s": 100, "c": [14, 41], "t": 1592420630625, "z": 1, "a": 1592420630737739000}
{"ev": "T", "sym": "SPY", "i": "52983525424959", "x": 18, "p": 312.89, "s": 50, "c": [14, 37, 41], "t": 1592420630625, "z": 1, "a": 1592420630737756000}
{"ev": "T", "sym": "SPY", "i": "52983526143859", "x": 8, "p": 312.87, "s": 2, "c": [14, 37, 41], "t": 1592420630625, "z": 1, "a": 1592420630738814000}
{"ev": "T", "sym": "SPY", "i": "52983526346831", "x": 10, "p": 312.89, "s": 100, "c": [14, 41], "t": 1592420630624, "z": 1, "a": 1592420630738847000}
{"ev": "T", "sym": "SPY", "i": "52983526143860", "x": 8, "p": 312.88, "s": 100, "c": [14, 41], "t": 1592420630625, "z": 1, "a": 1592420630738862000}
{"ev": "T", "sym": "SPY", "i": "52983526143861", "x": 8, "p": 312.89, "s": 100, "c": [14, 41], "t": 1592420630625, "z": 1, "a": 1592420630738874000}
{"ev": "T", "sym": "SPY", "i": "3472328524549147223", "x": 15, "p": 312.88, "s": 100, "t": 1592420630625, "z": 1, "a": 1592420630738885000}
{"ev": "T", "sym": "SPY", "i": "3472328524549147448", "x": 15, "p": 312.89, "s": 300, "c": [14, 41], "t": 1592420630625, "z": 1, "a": 1592420630738895000}
{"ev": "T", "sym": "SPY", "i": "3472328524549147483", "x": 15, "p": 312.89, "s": 600, "c": [14, 41], "t": 1592420630625, "z": 1, "a": 1592420630738905000}
{"ev": "T", "sym": "SPY", "i": "71684317599065", "x": 4, "p": 312.87, "s": 500, "t": 1592420630625, "z": 1, "a": 1592420630738914000}
{"ev": "T", "sym": "SPY", "i": "71684317599284", "x": 4, "p": 312.875, "s": 100, "t": 1592420630631, "z": 1, "a": 1592420630738924000}
{"ev": "T", "sym": "SPY", "i": "52983526143862", "x": 8, "p": 312.89, "s": 100, "c": [14, 41], "t": 1592420630625, "z": 1, "a": 1592420630738933000}
{"ev": "T", "sym": "SPY", "i": "52983526143863", "x": 8, "p": 312.89, "s": 100, "c": [14, 41], "t": 1592420630625, "z": 1, "a": 1592420630738943000}
{"ev": "T", "sym": "SPY", "i": "71684317599066", "x": 4, "p": 312.88, "s": 100, "t": 1592420630625, "z": 1, "a": 1592420630738953000}
{"ev": "T", "sym": "SPY", "i": "3472338192520983606", "x": 12, "p": 312.89, "s": 120, "c": [14, 41], "t": 1592420630626, "z": 1, "a": 1592420630738962000}
{"ev": "T", "sym": "SPY", "i": "71684317599280", "x": 4, "p": 312.87, "s": 120, "t": 1592420630626, "z": 1, "a": 1592420630738972000}
{"ev": "T", "sym": "SPY", "i": "71684317599281", "x": 4, "p": 312.87, "s": 80, "c": [37], "t": 1592420630626, "z": 1, "a": 1592420630738981000}
{"ev": "T", "sym": "SPY", "i": "3472338192520983633", "x": 12, "p": 312.89, "s": 10, "c": [14, 37, 41], "t": 1592420630638, "z": 1, "a": 1592420630738990000}
{"ev": "T", "sym": "SPY", "i": "52983526287433", "x": 19, "p": 312.89, "s": 100, "c": [14, 41], "t": 1592420630760, "z": 1, "a": 1592420630845419000}
{"ev": "T", "sym": "SPY", "i": "79372477674049", "x": 4, "p": 312.9, "s": 1, "c": [37], "t": 1592420630916, "z": 1, "a": 1592420630963667000}
{"ev": "T", "sym": "SPY", "i": "71684317600089", "x": 4, "p": 312.9, "s": 100, "t": 1592420631311, "z": 1, "a": 1592420631386746000}
{"ev": "T", "sym": "SPY", "i": "52983575752780", "x": 11, "p": 312.9, "s": 100, "t": 1592420631317, "z": 1, "a": 1592420631386791000}
{"ev": "T", "sym": "SPY", "i": "52983526143866", "x": 8, "p": 312.89, "s": 100, "t": 1592420631322, "z": 1, "a": 1592420631386810000}
{"ev": "T", "sym": "SPY", "i": "52983526144048", "x": 8, "p": 312.89, "s": 13, "c": [37], "t": 1592420631322, "z": 1, "a": 1592420631386826000}
{"ev": "T", "sym": "SPY", "i": "79372477674306", "x": 4, "p": 312.8801, "s": 1, "c": [37], "t": 1592420631617, "z": 1, "a": 1592420631669036000}
{"ev": "T", "sym": "GLD", "i": "71684317655105", "x": 4, "p": 162.305, "s": 10, "c": [37], "t": 1592420631631, "z": 1, "a": 1592420631729434000}
{"ev": "T", "sym": "SPY", "i": "52983575752781", "x": 11, "p": 312.88, "s": 5, "c": [37], "t": 1592420631741, "z": 1, "a": 1592420631790335000}
{"ev": "T", "sym": "SPY", "i": "3472338191867534941", "x": 2, "p": 312.88, "s": 1, "c": [37], "t": 1592420632049, "z": 1, "a": 1592420632171430000}
{"ev": "T", "sym": "SPY", "i": "79372477674579", "x": 4, "p": 312.91, "s": 1, "c": [37], "t": 1592420632727, "z": 1, "a": 1592420632990511000}
{"ev": "T", "sym": "SPY", "i": "52983526287434", "x": 19, "p": 312.9, "s": 80, "c": [14, 37, 41], "t": 1592420632783, "z": 1, "a": 1592420632991547000}
{"ev": "T", "sym": "SPY", "i": "52983526144052", "x": 8, "p": 312.9, "s": 1, "c": [37], "t": 1592420632935, "z": 1, "a": 1592420633015018000}
{"ev": "T", "sym": "SPY", "i": "52983575752786", "x": 11, "p": 312.9, "s": 100, "t": 1592420633928, "z": 1, "a": 1592420634114414000}
{"ev": "T", "sym": "SPY", "i": "3472338192520987441", "x": 12, "p": 312.9, "s": 100, "c": [14, 41], "t": 1592420633928, "z": 1, "a": 1592420634114466000}
{"ev": "T", "sym": "SPY", "i": "3472328524551971697", "x": 15, "p": 312.89, "s": 100, "t": 1592420634317, "z": 1, "a": 1592420634373204000}
{"ev": "T", "sym": "SPY", "i": "71684317660217", "x": 4, "p": 312.89, "s": 100, "t": 1592420634327, "z": 1, "a": 1592420634459696000}
{"ev": "T", "sym": "SPY", "i": "3472338191849639486", "x": 17, "p": 312.89, "s": 70, "c": [14, 37, 41], "t": 1592420634330, "z": 1, "a": 1592420634459746000}
{"ev": "T", "sym": "SPY", "i": "3472338191849639488", "x": 17, "p": 312.89, "s": 100, "c": [14, 41], "t": 1592420634387, "z": 1, "a": 1592420634459773000}
{"ev": "T", "sym": "SPY", "i": "3472338191849639489", "x": 17, "p": 312.89, "s": 30, "c": [37], "t": 1592420634387, "z": 1, "a": 1592420634459795000}
{"ev": "T", "sym": "SPY", "i": "79372477675607", "x": 4, "p": 312.88, "s": 4, "c": [37], "t": 1592420634742, "z": 1, "a": 1592420634934203000}
{"ev": "T", "sym": "SPY", "i": "71684317660489", "x": 4, "p": 312.88, "s": 46, "c": [37], "t": 1592420634753, "z": 1, "a": 1592420634934252000}
{"ev": "T", "sym": "SPY", "i": "71684317660758", "x": 4, "p": 312.89, "s": 100, "t": 1592420635118, "z": 1, "a": 1592420635244044000}
{"ev": "T", "sym": "SPY", "i": "3472338192520988733", "x": 12, "p": 312.88, "s": 100, "t": 1592420635162, "z": 1, "a": 1592420635248091000}
{"ev": "T", "sym": "SPY", "i": "71684317661257", "x": 4, "p": 312.8816, "s": 2, "c": [37], "t": 1592420635369, "z": 1, "a": 1592420635418425000}
{"ev": "T", "sym": "SPY", "i": "79372477675862", "x": 4, "p": 312.888, "s": 50, "c": [37], "t": 1592420635836, "z": 1, "a": 1592420635955760000}
{"ev": "T", "sym": "SPY", "i": "52983575752787", "x": 11, "p": 312.88, "s": 100, "c": [14, 41], "t": 1592420635843, "z": 1, "a": 1592420635957398000}
{"ev": "T", "sym": "SPY", "i": "52983525424961", "x": 18, "p": 312.89, "s": 100, "c": [14, 41], "t": 1592420636382, "z": 1, "a": 1592420636465866000}
{"ev": "T", "sym": "SPY", "i": "52983575753008", "x": 11, "p": 312.885, "s": 100, "c": [14, 41], "t": 1592420636382, "z": 1, "a": 1592420636465905000}
{"ev": "T", "sym": "SPY", "i": "52983526346832", "x": 10, "p": 312.885, "s": 11, "c": [37], "t": 1592420636382, "z": 1, "a": 1592420636465922000}
{"ev": "T", "sym": "SPY", "i": "52983575753009", "x": 11, "p": 312.885, "s": 100, "c": [14, 41], "t": 1592420636382, "z": 1, "a": 1592420636465936000}
{"ev": "T", "sym": "SPY", "i": "52983575753010", "x": 11, "p": 312.89, "s": 200, "c": [14, 41], "t": 1592420636382, "z": 1, "a": 1592420636465948000}
{"ev": "T", "sym": "SPY", "i": "52983575753011", "x": 11, "p": 312.89, "s": 200, "c": [14, 41], "t": 1592420636382, "z": 1, "a": 1592420636465960000}
{"ev": "T", "sym": "SPY", "i": "52983526287436", "x": 19, "p": 312.89, "s": 100, "c": [14, 41], "t": 1592420636382, "z": 1, "a": 1592420636465979000}
{"ev": "T", "sym": "SPY", "i": "52983525424962", "x": 18, "p": 312.9, "s": 100, "c": [14, 41], "t": 1592420636382, "z": 1, "a": 1592420636465997000}
{"ev": "T", "sym": "SPY", "i": "3472338192520989744", "x": 12, "p": 312.885, "s": 100, "t": 1592420636382, "z": 1, "a": 1592420636466013000}
{"ev": "T", "sym": "SPY", "i": "52983525306233", "x": 7, "p": 312.89, "s": 100, "c": [14, 41], "t": 1592420636382, "z": 1, "a": 1592420636466026000}
{"ev": "T", "sym": "SPY", "i": "3472338192520989745", "x": 12, "p": 312.885, "s": 100, "t": 1592420636382, "z": 1, "a": 1592420636466037000}
{"ev": "T", "sym": "SPY", "i": "3472338192520989746", "x": 12, "p": 312.885, "s": 100, "c": [14, 41], "t": 1592420636382, "z": 1, "a": 1592420636466048000}
{"ev": "T", "sym": "SPY", "i": "3472338192520989747", "x": 12, "p": 312.89, "s": 24, "c": [14, 37, 41], "t": 1592420636382, "z": 1, "a": 1592420636466060000}
{"ev": "T", "sym": "SPY", "i": "3472338192520989749", "x": 12, "p": 312.89, "s": 76, "c": [14, 37, 41], "t": 1592420636382, "z": 1, "a": 1592420636466072000}
{"ev": "T", "sym": "SPY", "i": "3472338192520989750", "x": 12, "p": 312.89, "s": 100, "c": [14, 41], "t": 1592420636382, "z": 1, "a": 1592420636466083000}
{"ev": "T", "sym": "SPY", "i": "3472338192520989751", "x": 12, "p": 312.89, "s": 100, "c": [14, 41], "t": 1592420636382, "z": 1, "a": 1592420636466095000}
{"ev": "T", "sym": "SPY", "i": "52983525306234", "x": 7, "p": 312.9, "s": 100, "c": [14, 41], "t": 1592420636383, "z": 1, "a": 1592420636466106000}
{"ev": "T", "sym": "SPY", "i": "3472338192520989757", "x": 12, "p": 312.89, "s": 100, "c": [14, 41], "t": 1592420636383, "z": 1, "a": 1592420636466117000}
{"ev": "T", "sym": "SPY", "i": "71684317662292", "x": 4, "p": 312.8925, "s": 50, "c": [37], "t": 1592420636455, "z": 1, "a": 1592420636550195000}
{"ev": "T", "sym": "SPY", "i": "52983525424963", "x": 18, "p": 312.9, "s": 100, "c": [14, 41], "t": 1592420636478, "z": 1, "a": 1592420636550246000}
{"ev": "T", "sym": "SPY", "i": "52983575753012", "x": 11, "p": 312.9, "s": 100, "t": 1592420636478, "z": 1, "a": 1592420636550265000}
{"ev": "T", "sym": "SPY", "i": "52983526144055", "x": 8, "p": 312.9, "s": 93, "c": [37], "t": 1592420636478, "z": 1, "a": 1592420636550280000}
{"ev": "T", "sym": "SPY", "i": "3472338192520989789", "x": 12, "p": 312.9, "s": 100, "c": [14, 41], "t": 1592420636479, "z": 1, "a": 1592420636550297000}
{"ev": "T", "sym": "SPY", "i": "3472338192520989790", "x": 12, "p": 312.9, "s": 100, "c": [14, 41], "t": 1592420636479, "z": 1, "a": 1592420636550310000}
{"ev": "T", "sym": "SPY", "i": "3472338192520989791", "x": 12, "p": 312.9, "s": 100, "c": [14, 41], "t": 1592420636479, "z": 1, "a": 1592420636550320000}
{"ev": "T", "sym": "SPY", "i": "52983526144056", "x": 8, "p": 312.9, "s": 7, "c": [14, 37, 41], "t": 1592420636479, "z": 1, "a": 1592420636550398000}
{"ev": "T", "sym": "SPY", "i": "52983526144057", "x": 8, "p": 312.9, "s": 100, "c": [14, 41], "t": 1592420636479, "z": 1, "a": 1592420636550424000}
{"ev": "T", "sym": "SPY", "i": "52983526287437", "x": 19, "p": 312.9, "s": 100, "c": [14, 41], "t": 1592420636479, "z": 1, "a": 1592420636550445000}
{"ev": "T", "sym": "SPY", "i": "52983526287438", "x": 19, "p": 312.9, "s": 100, "t": 1592420636479, "z": 1, "a": 1592420636550463000}
{"ev": "T", "sym": "SPY", "i": "52983575753013", "x": 11, "p": 312.9, "s": 100, "t": 1592420636479, "z": 1, "a": 1592420636550481000}
{"ev": "T", "sym": "SPY", "i": "52983575753014", "x": 11, "p": 312.9, "s": 47, "c": [37], "t": 1592420636479, "z": 1, "a": 1592420636550498000}
{"ev": "T", "sym": "SPY", "i": "52983526346833", "x": 10, "p": 312.9, "s": 100, "c": [14, 41], "t": 1592420636479, "z": 1, "a": 1592420636550515000}
{"ev": "T", "sym": "SPY", "i": "52983526346834", "x": 10, "p": 312.9, "s": 100, "c": [14, 41], "t": 1592420636490, "z": 1, "a": 1592420636550534000}
{"ev": "T", "sym": "SPY", "i": "52983575753015", "x": 11, "p": 312.9, "s": 53, "c": [14, 37, 41], "t": 1592420636490, "z": 1, "a": 1592420636550551000}
{"ev": "T", "sym": "SPY", "i": "52983575753016", "x": 11, "p": 312.9, "s": 100, "c": [14, 41], "t": 1592420636490, "z": 1, "a": 1592420636550569000}
{"ev": "T", "sym": "SPY", "i": "3472338192520989796", "x": 12, "p": 312.9, "s": 100, "c": [14, 41], "t": 1592420636490, "z": 1, "a": 1592420636550587000}
{"ev": "T", "sym": "SPY", "i": "52983525306416", "x": 7, "p": 312.9, "s": 200, "c": [14, 41], "t": 1592420636490, "z": 1, "a": 1592420636550604000}
{"ev": "T", "sym": "SPY", "i": "52983525306417", "x": 7, "p": 312.9, "s": 100, "c": [14, 41], "t": 1592420636490, "z": 1, "a": 1592420636550622000}
{"ev": "T", "sym": "SPY", "i": "52983525306418", "x": 7, "p": 312.91, "s": 100, "c": [14, 41], "t": 1592420636490, "z": 1, "a": 1592420636607068000}
{"ev": "T", "sym": "SPY", "i": "3472338192520989802", "x": 12, "p": 312.9, "s": 100, "c": [14, 41], "t": 1592420636491, "z": 1, "a": 1592420636607120000}
{"ev": "T", "sym": "SPY", "i": "52983526144058", "x": 8, "p": 312.9, "s": 100, "c": [14, 41], "t": 1592420636506, "z": 1, "a": 1592420636607144000}
{"ev": "T", "sym": "SPY", "i": "3472338192520989804", "x": 12, "p": 312.9, "s": 200, "c": [14, 41], "t": 1592420636507, "z": 1, "a": 1592420636607159000}
{"ev": "T", "sym": "GLD", "i": "71684317662802", "x": 4, "p": 162.305, "s": 33, "c": [37], "t": 1592420636854, "z": 1, "a": 1592420636977159000}
{"ev": "T", "sym": "SPY", "i": "71684317663050", "x": 4, "p": 312.89, "s": 100, "t": 1592420637096, "z": 1, "a": 1592420637156828000}
{"ev": "T", "sym": "SPY", "i": "52983526346835", "x": 10, "p": 312.89, "s": 400, "t": 1592420637138, "z": 1, "a": 1592420637215259000}
{"ev": "T", "sym": "SPY", "i": "71684317663054", "x": 4, "p": 312.8914, "s": 363, "t": 1592420637144, "z": 1, "a": 1592420637215293000}
{"ev": "T", "sym": "SPY", "i": "52983526346836", "x": 10, "p": 312.89, "s": 100, "t": 1592420637983, "z": 1, "a": 1592420638105098000}
{"ev": "T", "sym": "SPY", "i": "52983526144059", "x": 8, "p": 312.89, "s": 100, "c": [14, 41], "t": 1592420637983, "z": 1, "a": 1592420638106125000}
{"ev": "T", "sym": "SPY", "i": "52983575753017", "x": 11, "p": 312.89, "s": 200, "c": [14, 41], "t": 1592420637995, "z": 1, "a": 1592420638106158000}
{"ev": "T", "sym": "SPY", "i": "79372477678681", "x": 4, "p": 312.883, "s": 500, "t": 1592420638541, "z": 1, "a": 1592420638728124000}
{"ev": "T", "sym": "SPY", "i": "52983526144060", "x": 8, "p": 312.89, "s": 25, "c": [14, 37, 41], "t": 1592420638739, "z": 1, "a": 1592420638790109000}
{"ev": "T", "sym": "SPY", "i": "52983526144061", "x": 8, "p": 312.89, "s": 26, "c": [14, 37, 41], "t": 1592420638739, "z": 1, "a": 1592420638790161000}
{"ev": "T", "sym": "SPY", "i": "79372477678938", "x": 4, "p": 312.8884, "s": 10, "c": [37], "t": 1592420639153, "z": 1, "a": 1592420639230755000}
{"ev": "T", "sym": "SPY", "i": "52983526144062", "x": 8, "p": 312.89, "s": 49, "c": [14, 37, 41], "t": 1592420639156, "z": 1, "a": 1592420639231821000}
{"ev": "T", "sym": "SPY", "i": "3472338192520993350", "x": 12, "p": 312.89, "s": 100, "c": [14, 41], "t": 1592420639157, "z": 1, "a": 1592420639231854000}
{"ev": "T", "sym": "SPY", "i": "52983526144063", "x": 8, "p": 312.89, "s": 71, "c": [37], "t": 1592420639408, "z": 1, "a": 1592420639538656000}
{"ev": "T", "sym": "SPY", "i": "52983526933066", "x": 3, "p": 312.9, "s": 90, "c": [14, 37, 41], "t": 1592420639423, "z": 1, "a": 1592420639538707000}
{"ev": "T", "sym": "SPY", "i": "3472338191867535445", "x": 2, "p": 312.9, "s": 10, "c": [14, 37, 41], "t": 1592420639423, "z": 1, "a": 1592420639539643000}
{"ev": "T", "sym": "SPY", "i": "52983526144064", "x": 8, "p": 312.89, "s": 28, "c": [14, 37, 41], "t": 1592420639467, "z": 1, "a": 1592420639540406000}
{"ev": "T", "sym": "SPY", "i": "52983526144065", "x": 8, "p": 312.89, "s": 226, "c": [14, 41], "t": 1592420639467, "z": 1, "a": 1592420639540439000}
{"ev": "T", "sym": "SPY", "i": "71684317665849", "x": 4, "p": 312.8975, "s": 100, "t": 1592420639582, "z": 1, "a": 1592420639681223000}
{"ev": "T", "sym": "GLD", "i": "71684317665864", "x": 4, "p": 162.3089, "s": 10, "c": [37], "t": 1592420639683, "z": 1, "a": 1592420639723619000}
{"ev": "T", "sym": "SPY", "i": "52983526144066", "x": 8, "p": 312.88, "s": 100, "t": 1592420639712, "z": 1, "a": 1592420639753592000}
{"ev": "T", "sym": "SPY", "i": "52983526144067", "x": 8, "p": 312.88, "s": 200, "t": 1592420639712, "z": 1, "a": 1592420639753665000}
{"ev": "T", "sym": "SPY", "i": "52983526144068", "x": 8, "p": 312.88, "s": 15, "c": [37], "t": 1592420639712, "z": 1, "a": 1592420639808184000}
{"ev": "T", "sym": "SPY", "i": "3472338192520994118", "x": 12, "p": 312.88, "s": 100, "c": [14, 41], "t": 1592420639713, "z": 1, "a": 1592420639808229000}
{"ev": "T", "sym": "SPY", "i": "52983525306422", "x": 7, "p": 312.87, "s": 200, "c": [14, 41], "t": 1592420639722, "z": 1, "a": 1592420639808247000}
{"ev": "T", "sym": "SPY", "i": "52983525424964", "x": 18, "p": 312.87, "s": 100, "c": [14, 41], "t": 1592420639722, "z": 1, "a": 1592420639808260000}
{"ev": "T", "sym": "SPY", "i": "52983526346837", "x": 10, "p": 312.87, "s": 100, "t": 1592420639722, "z": 1, "a": 1592420639808273000}
{"ev": "T", "sym": "SPY", "i": "52983575753025", "x": 11, "p": 312.87, "s": 100, "t": 1592420639722, "z": 1, "a": 1592420639808285000}
{"ev": "T", "sym": "SPY", "i": "3472338192520994149", "x": 12, "p": 312.87, "s": 100, "t": 1592420639722, "z": 1, "a": 1592420639808296000}
{"ev": "T", "sym": "SPY", "i": "3472338192520994150", "x": 12, "p": 312.87, "s": 100, "t": 1592420639722, "z": 1, "a": 1592420639808307000}
{"ev": "T", "sym": "SPY", "i": "52983526346838", "x": 10, "p": 312.87, "s": 100, "c": [14, 41], "t": 1592420639723, "z": 1, "a": 1592420639808317000}
{"ev": "T", "sym": "SPY", "i": "52983526144069", "x": 8, "p": 312.88, "s": 70, "c": [14, 37, 41], "t": 1592420639730, "z": 1, "a": 1592420639808330000}
{"ev": "T", "sym": "SPY", "i": "52983526287443", "x": 19, "p": 312.88, "s": 100, "c": [14, 41], "t": 1592420639730, "z": 1, "a": 1592420639808344000}
{"ev": "T", "sym": "SPY", "i": "52983526144070", "x": 8, "p": 312.88, "s": 11, "c": [14, 37, 41], "t": 1592420639730, "z": 1, "a": 1592420639808356000}
{"ev": "T", "sym": "SPY", "i": "52983526144071", "x": 8, "p": 312.88, "s": 102, "c": [14, 41], "t": 1592420639730, "z": 1, "a": 1592420639808369000}
{"ev": "T", "sym": "SPY", "i": "52983526144072", "x": 8, "p": 312.89, "s": 100, "c": [14, 41], "t": 1592420639731, "z": 1, "a": 1592420639808380000}
{"ev": "T", "sym": "SPY", "i": "52983526287444", "x": 19, "p": 312.89, "s": 5, "c": [14, 37, 41], "t": 1592420639732, "z": 1, "a": 1592420639808467000}
{"ev": "T", "sym": "SPY", "i": "3472338192520995404", "x": 12, "p": 312.87, "s": 10, "c": [37], "t": 1592420640027, "z": 1, "a": 1592420640153551000}
{"ev": "T", "sym": "SPY", "i": "3472338192520995405", "x": 12, "p": 312.87, "s": 100, "t": 1592420640027, "z": 1, "a": 1592420640153598000}
{"ev": "T", "sym": "SPY", "i": "3472338192520995408", "x": 12, "p": 312.87, "s": 10, "c": [37], "t": 1592420640028, "z": 1, "a": 1592420640153622000}
{"ev": "T", "sym": "SPY", "i": "3472338191867535664", "x": 2, "p": 312.86, "s": 61, "c": [14, 37, 41], "t": 1592420640032, "z": 1, "a": 1592420640153642000}
{"ev": "T", "sym": "SPY", "i": "52983525306423", "x": 7, "p": 312.87, "s": 100, "c": [14, 41], "t": 1592420640401, "z": 1, "a": 1592420640666457000}
{"ev": "T", "sym": "SPY", "i": "52983525424965", "x": 18, "p": 312.87, "s": 100, "c": [14, 41], "t": 1592420640401, "z": 1, "a": 1592420640666507000}
{"ev": "T", "sym": "SPY", "i": "71684317721928", "x": 4, "p": 312.875, "s": 100, "t": 1592420640472, "z": 1, "a": 1592420640668508000}
{"ev": "T", "sym": "SPY", "i": "71684317721930", "x": 4, "p": 312.875, "s": 100, "t": 1592420640489, "z": 1, "a": 1592420640668540000}
{"ev": "T", "sym": "SPY", "i": "71684317721933", "x": 4, "p": 312.875, "s": 100, "t": 1592420640519, "z": 1, "a": 1592420640669258000}
{"ev": "T", "sym": "SPY", "i": "79372477679441", "x": 4, "p": 312.875, "s": 3, "c": [37], "t": 1592420640580, "z": 1, "a": 1592420640669995000}
{"ev": "T", "sym": "SPY", "i": "71684317722190", "x": 4, "p": 312.8793, "s": 40, "c": [37], "t": 1592420640816, "z": 1, "a": 1592420640971119000}
{"ev": "T", "sym": "SPY", "i": "52983575753034", "x": 11, "p": 312.87, "s": 100, "c": [14, 41], "t": 1592420640943, "z": 1, "a": 1592420641019735000}
{"ev": "T", "sym": "SPY", "i": "52983575753035", "x": 11, "p": 312.87, "s": 30, "c": [14, 37, 41], "t": 1592420640943, "z": 1, "a": 1592420641019782000}
{"ev": "T", "sym": "SPY", "i": "52983575753036", "x": 11, "p": 312.85, "s": 100, "c": [14, 41], "t": 1592420640968, "z": 1, "a": 1592420641091292000}
{"ev": "T", "sym": "SPY", "i": "52983575753037", "x": 11, "p": 312.85, "s": 100, "c": [14, 41], "t": 1592420640968, "z": 1, "a": 1592420641093913000}
{"ev": "T", "sym": "SPY", "i": "52983526347056", "x": 10, "p": 312.85, "s": 100, "c": [14, 41], "t": 1592420640968, "z": 1, "a": 1592420641093969000}
{"ev": "T", "sym": "SPY", "i": "3472338192520997974", "x": 12, "p": 312.85, "s": 50, "c": [14, 37, 41], "t": 1592420640968, "z": 1, "a": 1592420641093986000}
{"ev": "T", "sym": "SPY", "i": "3472338192520997975", "x": 12, "p": 312.85, "s": 500, "c": [14, 41], "t": 1592420640968, "z": 1, "a": 1592420641094001000}
{"ev": "T", "sym": "SPY", "i": "3472338192520998198", "x": 12, "p": 312.84, "s": 2, "c": [14, 37, 41], "t": 1592420640969, "z": 1, "a": 1592420641094016000}
{"ev": "T", "sym": "SPY", "i": "3472338192520998200", "x": 12, "p": 312.84, "s": 2, "c": [14, 37, 41], "t": 1592420640969, "z": 1, "a": 1592420641094030000}
{"ev": "T", "sym": "SPY", "i": "3472338192520998201", "x": 12, "p": 312.84, "s": 2, "c": [14, 37, 41], "t": 1592420640969, "z": 1, "a": 1592420641094042000}
{"ev": "T", "sym": "SPY", "i": "3472338192520998220", "x": 12, "p": 312.84, "s": 2, "c": [14, 37, 41], "t": 1592420640969, "z": 1, "a": 1592420641094054000}
{"ev": "T", "sym": "SPY", "i": "3472338192520998221", "x": 12, "p": 312.84, "s": 2, "c": [14, 37, 41], "t": 1592420640969, "z": 1, "a": 1592420641094067000}
{"ev": "T", "sym": "SPY", "i": "3472338192520998222", "x": 12, "p": 312.84, "s": 2, "c": [14, 37, 41], "t": 1592420640969, "z": 1, "a": 1592420641094080000}
{"ev": "T", "sym": "SPY", "i": "3472338191849639739", "x": 17, "p": 312.84, "s": 100, "c": [14, 41], "t": 1592420640976, "z": 1, "a": 1592420641095064000}
{"ev": "T", "sym": "SPY", "i": "52983575753039", "x": 11, "p": 312.84, "s": 865, "t": 1592420640976, "z": 1, "a": 1592420641095106000}
{"ev": "T", "sym": "SPY", "i": "3472338192521048402", "x": 12, "p": 312.84, "s": 500, "c": [14, 41], "t": 1592420640976, "z": 1, "a": 1592420641095123000}
{"ev": "T", "sym": "SPY", "i": "52983575753040", "x": 11, "p": 312.84, "s": 135, "t": 1592420640976, "z": 1, "a": 1592420641095137000}
{"ev": "T", "sym": "SPY", "i": "52983575753041", "x": 11, "p": 312.84, "s": 100, "t": 1592420640976, "z": 1, "a": 1592420641095149000}
{"ev": "T", "sym": "SPY", "i": "79372477679699", "x": 4, "p": 312.83, "s": 100, "t": 1592420641001, "z": 1, "a": 1592420641095159000}
{"ev": "T", "sym": "SPY", "i": "79372477680179", "x": 4, "p": 312.8563, "s": 300, "t": 1592420641641, "z": 1, "a": 1592420641792620000}
{"ev": "T", "sym": "SPY", "i": "71684317726277", "x": 4, "p": 312.8531, "s": 15, "c": [37], "t": 1592420641675, "z": 1, "a": 1592420641795232000}
{"ev": "T", "sym": "SPY", "i": "3472338192521052216", "x": 12, "p": 312.87, "s": 100, "c": [14, 41], "t": 1592420641709, "z": 1, "a": 1592420641898237000}
{"ev": "T", "sym": "SPY", "i": "52983526287458", "x": 19, "p": 312.87, "s": 100, "c": [14, 41], "t": 1592420641723, "z": 1, "a": 1592420641898286000}
{"ev": "T", "sym": "SPY", "i": "52983526144085", "x": 8, "p": 312.87, "s": 4, "c": [37], "t": 1592420641736, "z": 1, "a": 1592420641898313000}
{"ev": "T", "sym": "SPY", "i": "79372477680193", "x": 4, "p": 312.86, "s": 100, "t": 1592420641867, "z": 1, "a": 1592420641938221000}
{"ev": "T", "sym": "GLD", "i": "79372477680201", "x": 4, "p": 162.31, "s": 61, "c": [37], "t": 1592420641960, "z": 1, "a": 1592420642017055000}
{"ev": "T", "sym": "GLD", "i": "79372477680202", "x": 4, "p": 162.3064, "s": 61, "c": [37], "t": 1592420641960, "z": 1, "a": 1592420642053498000}
{"ev": "T", "sym": "SPY", "i": "52983575753266", "x": 11, "p": 312.85, "s": 100, "t": 1592420642026, "z": 1, "a": 1592420642220972000}
{"ev": "T", "sym": "SPY", "i": "71684317727287", "x": 4, "p": 312.845, "s": 233, "t": 1592420642128, "z": 1, "a": 1592420642301657000}
{"ev": "T", "sym": "SPY", "i": "52983525424967", "x": 18, "p": 312.85, "s": 100, "c": [14, 41], "t": 1592420642486, "z": 1, "a": 1592420642710463000}
{"ev": "T", "sym": "SPY", "i": "71684317728331", "x": 4, "p": 312.8443, "s": 103, "t": 1592420642548, "z": 1, "a": 1592420642711988000}
{"ev": "T", "sym": "SPY", "i": "52983526144087", "x": 8, "p": 312.85, "s": 100, "c": [14, 41], "t": 1592420642571, "z": 1, "a": 1592420642712023000}
{"ev": "T", "sym": "SPY", "i": "52983575753267", "x": 11, "p": 312.842, "s": 1, "c": [37], "t": 1592420642611, "z": 1, "a": 1592420642712717000}
{"ev": "T", "sym": "SPY", "i": "71684317728821", "x": 4, "p": 312.8401, "s": 10, "c": [37], "t": 1592420642848, "z": 1, "a": 1592420643018133000}
{"ev": "T", "sym": "SPY", "i": "71684317728822", "x": 4, "p": 312.84, "s": 100, "t": 1592420642850, "z": 1, "a": 1592420643018167000}
{"ev": "T", "sym": "SPY", "i": "71684317728823", "x": 4, "p": 312.8448, "s": 100, "t": 1592420642852, "z": 1, "a": 1592420643018182000}
{"ev": "T", "sym": "SPY", "i": "71684317728824", "x": 4, "p": 312.85, "s": 200, "t": 1592420642853, "z": 1, "a": 1592420643018193000}
{"ev": "T", "sym": "SPY", "i": "71684317728836", "x": 4, "p": 312.8401, "s": 700, "t": 1592420642859, "z": 1, "a": 1592420643018203000}
{"ev": "T", "sym": "SPY", "i": "52983526144089", "x": 8, "p": 312.85, "s": 25, "c": [14, 37, 41], "t": 1592420643039, "z": 1, "a": 1592420643135902000}
{"ev": "T", "sym": "SPY", "i": "52983526144090", "x": 8, "p": 312.87, "s": 100, "t": 1592420643139, "z": 1, "a": 1592420643194418000}
{"ev": "T", "sym": "SPY", "i": "52983526144091", "x": 8, "p": 312.87, "s": 72, "c": [37], "t": 1592420643139, "z": 1, "a": 1592420643265537000}
{"ev": "T", "sym": "SPY", "i": "79372477680968", "x": 4, "p": 312.8601, "s": 100, "t": 1592420643225, "z": 1, "a": 1592420643326591000}
{"ev": "T", "sym": "SPY", "i": "52983575753269", "x": 11, "p": 312.86, "s": 102, "t": 1592420643289, "z": 1, "a": 1592420643406445000}
{"ev": "T", "sym": "SPY", "i": "52983526144092", "x": 8, "p": 312.85, "s": 98, "c": [37], "t": 1592420643294, "z": 1, "a": 1592420643406531000}
{"ev": "T", "sym": "SPY", "i": "52983525424968", "x": 18, "p": 312.85, "s": 1, "c": [37], "t": 1592420643480, "z": 1, "a": 1592420643577173000}
{"ev": "T", "sym": "SPY", "i": "71684317729361", "x": 4, "p": 312.86, "s": 200, "t": 1592420643484, "z": 1, "a": 1592420643577208000}
{"ev": "T", "sym": "SPY", "i": "3472328524583748217", "x": 15, "p": 312.86, "s": 100, "t": 1592420643484, "z": 1, "a": 1592420643577223000}
{"ev": "T", "sym": "SPY", "i": "71684317729362", "x": 4, "p": 312.87, "s": 300, "t": 1592420643486, "z": 1, "a": 1592420643577235000}
{"ev": "T", "sym": "SPY", "i": "71684317729364", "x": 4, "p": 312.869, "s": 125, "t": 1592420643490, "z": 1, "a": 1592420643577245000}
{"ev": "T", "sym": "SPY", "i": "52983526144093", "x": 8, "p": 312.87, "s": 28, "c": [14, 37, 41], "t": 1592420643493, "z": 1, "a": 1592420643577254000}
{"ev": "T", "sym": "SPY", "i": "52983526144094", "x": 8, "p": 312.87, "s": 15, "c": [14, 37, 41], "t": 1592420643493, "z": 1, "a": 1592420643577266000}
{"ev": "T", "sym": "SPY", "i": "52983526144095", "x": 8, "p": 312.87, "s": 100, "c": [14, 41], "t": 1592420643493, "z": 1, "a": 1592420643577304000}
{"ev": "T", "sym": "SPY", "i": "52983526144096", "x": 8, "p": 312.87, "s": 57, "c": [14, 37, 41], "t": 1592420643493, "z": 1, "a": 1592420643577322000}
{"ev": "T", "sym": "SPY", "i": "79372477681200", "x": 4, "p": 312.868, "s": 28, "c": [37], "t": 1592420643504, "z": 1, "a": 1592420643577332000}
{"ev": "T", "sym": "SPY", "i": "79372477681201", "x": 4, "p": 312.868, "s": 15, "c": [37], "t": 1592420643504, "z": 1, "a": 1592420643577343000}
{"ev": "T", "sym": "SPY", "i": "79372477681202", "x": 4, "p": 312.868, "s": 100, "t": 1592420643504, "z": 1, "a": 1592420643577352000}
{"ev": "T", "sym": "SPY", "i": "79372477681203", "x": 4, "p": 312.868, "s": 57, "c": [37], "t": 1592420643504, "z": 1, "a": 1592420643577362000}
{"ev": "T", "sym": "SPY", "i": "79372477681204", "x": 4, "p": 312.868, "s": 1875, "t": 1592420643505, "z": 1, "a": 1592420643577371000}
{"ev": "T", "sym": "SPY", "i": "52983575753270", "x": 11, "p": 312.87, "s": 100, "c": [14, 41], "t": 1592420643593, "z": 1, "a": 1592420643710833000}
{"ev": "T", "sym": "SPY", "i": "52983526287468", "x": 19, "p": 312.87, "s": 100, "c": [14, 41], "t": 1592420643594, "z": 1, "a": 1592420643710886000}
{"ev": "T", "sym": "SPY", "i": "3472338191849639790", "x": 17, "p": 312.875, "s": 1, "c": [37], "t": 1592420643763, "z": 1, "a": 1592420643832220000}
{"ev": "T", "sym": "SPY", "i": "52983525297481", "x": 1, "p": 312.87, "s": 13, "c": [37], "t": 1592420643763, "z": 1, "a": 1592420643832254000}
{"ev": "T", "sym": "SPY", "i": "71684317730360", "x": 4, "p": 312.875, "s": 50, "c": [37], "t": 1592420643809, "z": 1, "a": 1592420643892867000}
{"ev": "T", "sym": "SPY", "i": "79372477681242", "x": 4, "p": 312.875, "s": 2, "c": [37], "t": 1592420643829, "z": 1, "a": 1592420643892919000}
{"ev": "T", "sym": "SPY", "i": "79372477681460", "x": 4, "p": 312.875, "s": 1, "c": [37], "t": 1592420643926, "z": 1, "a": 1592420644011626000}
{"ev": "T", "sym": "SPY", "i": "52983525424970", "x": 18, "p": 312.88, "s": 10, "c": [14, 37, 41], "t": 1592420643936, "z": 1, "a": 1592420644011692000}
{"ev": "T", "sym": "SPY", "i": "79372477681463", "x": 4, "p": 312.875, "s": 100, "t": 1592420643973, "z": 1, "a": 1592420644069230000}
{"ev": "T", "sym": "SPY", "i": "79372477681464", "x": 4, "p": 312.875, "s": 100, "t": 1592420643976, "z": 1, "a": 1592420644069290000}
{"ev": "T", "sym": "GLD", "i": "52983525622585", "x": 10, "p": 162.3, "s": 100, "c": [14, 41], "t": 1592420644174, "z": 1, "a": 1592420644213530000}
{"ev": "T", "sym": "SPY", "i": "52983526933078", "x": 3, "p": 312.86, "s": 1, "c": [37], "t": 1592420644556, "z": 1, "a": 1592420644658053000}
{"ev": "T", "sym": "SPY", "i": "3472338191867536442", "x": 2, "p": 312.861, "s": 200, "t": 1592420644600, "z": 1, "a": 1592420644658986000}
{"ev": "T", "sym": "GLD", "i": "71684317731407", "x": 4, "p": 162.2989, "s": 60, "c": [37], "t": 1592420644652, "z": 1, "a": 1592420644697443000}
{"ev": "T", "sym": "SPY", "i": "71684317731397", "x": 4, "p": 312.87, "s": 200, "t": 1592420644617, "z": 1, "a": 1592420644713262000}
{"ev": "T", "sym": "SPY", "i": "71684317731399", "x": 4, "p": 312.87, "s": 200, "t": 1592420644618, "z": 1, "a": 1592420644713296000}
{"ev": "T", "sym": "SPY", "i": "71684317731400", "x": 4, "p": 312.87, "s": 100, "t": 1592420644618, "z": 1, "a": 1592420644713311000}
{"ev": "T", "sym": "SPY", "i": "71684317731403", "x": 4, "p": 312.87, "s": 100, "t": 1592420644619, "z": 1, "a": 1592420644713322000}
{"ev": "T", "sym": "SPY", "i": "71684317731414", "x": 4, "p": 312.871, "s": 100, "t": 1592420644716, "z": 1, "a": 1592420644786428000}
{"ev": "T", "sym": "SPY", "i": "71684317786192", "x": 4, "p": 312.87, "s": 100, "t": 1592420644865, "z": 1, "a": 1592420644910307000}
{"ev": "T", "sym": "SPY", "i": "52983575753272", "x": 11, "p": 312.87, "s": 100, "t": 1592420644875, "z": 1, "a": 1592420644928720000}
{"ev": "T", "sym": "SPY", "i": "52983575753273", "x": 11, "p": 312.87, "s": 200, "t": 1592420644875, "z": 1, "a": 1592420644928757000}
{"ev": "T", "sym": "SPY", "i": "71684317786420", "x": 4, "p": 312.8799, "s": 1, "c": [37], "t": 1592420644942, "z": 1, "a": 1592420644983746000}
{"ev": "T", "sym": "SPY", "i": "71684317786442", "x": 4, "p": 312.875, "s": 100, "t": 1592420645077, "z": 1, "a": 1592420645127298000}
{"ev": "T", "sym": "SPY", "i": "71684317786444", "x": 4, "p": 312.86, "s": 200, "t": 1592420645094, "z": 1, "a": 1592420645153320000}
{"ev": "T", "sym": "GLD", "i": "52983525234550", "x": 18, "p": 162.29, "s": 100, "c": [14, 41], "t": 1592420645467, "z": 1, "a": 1592420645682322000}
{"ev": "T", "sym": "GLD", "i": "71684317786950", "x": 4, "p": 162.295, "s": 50, "c": [37], "t": 1592420645472, "z": 1, "a": 1592420645683979000}
{"ev": "T", "sym": "SPY", "i": "3472338191867536461", "x": 2, "p": 312.87, "s": 1, "c": [37], "t": 1592420645573, "z": 1, "a": 1592420645685222000}
{"ev": "T", "sym": "SPY", "i": "79372477681996", "x": 4, "p": 312.875, "s": 100, "t": 1592420645644, "z": 1, "a": 1592420645727380000}
{"ev": "T", "sym": "SPY", "i": "52983575753298", "x": 11, "p": 312.88, "s": 100, "t": 1592420646032, "z": 1, "a": 1592420646199258000}
{"ev": "T", "sym": "SPY", "i": "52983526347059", "x": 10, "p": 312.88, "s": 100, "t": 1592420646032, "z": 1, "a": 1592420646199295000}
{"ev": "T", "sym": "SPY", "i": "52983526287477", "x": 19, "p": 312.88, "s": 10, "c": [37], "t": 1592420646032, "z": 1, "a": 1592420646199310000}
{"ev": "T", "sym": "SPY", "i": "52983525306428", "x": 7, "p": 312.875, "s": 100, "t": 1592420646032, "z": 1, "a": 1592420646199323000}
{"ev": "T", "sym": "SPY", "i": "52983575753299", "x": 11, "p": 312.88, "s": 100, "t": 1592420646032, "z": 1, "a": 1592420646199334000}
{"ev": "T", "sym": "SPY", "i": "52983575753300", "x": 11, "p": 312.88, "s": 100, "t": 1592420646043, "z": 1, "a": 1592420646199344000}
{"ev": "T", "sym": "SPY", "i": "52983575753301", "x": 11, "p": 312.88, "s": 100, "t": 1592420646052, "z": 1, "a": 1592420646199354000}
{"ev": "T", "sym": "GLD", "i": "79372477682245", "x": 4, "p": 162.2944, "s": 23, "c": [37], "t": 1592420646123, "z": 1, "a": 1592420646200329000}
{"ev": "T", "sym": "SPY", "i": "52983575753302", "x": 11, "p": 312.871, "s": 1, "c": [37], "t": 1592420646469, "z": 1, "a": 1592420646604655000}
{"ev": "T", "sym": "SPY", "i": "71684317788471", "x": 4, "p": 312.875, "s": 38, "c": [37], "t": 1592420646581, "z": 1, "a": 1592420646640736000}
{"ev": "T", "sym": "SPY", "i": "79372477682499", "x": 4, "p": 312.885, "s": 25, "c": [37], "t": 1592420646888, "z": 1, "a": 1592420647011961000}
{"ev": "T", "sym": "SPY", "i": "3472338191849640016", "x": 17, "p": 312.88, "s": 86, "c": [37], "t": 1592420647428, "z": 1, "a": 1592420647631642000}
{"ev": "T", "sym": "SPY", "i": "3472338191849640017", "x": 17, "p": 312.88, "s": 59, "c": [14, 37, 41], "t": 1592420647440, "z": 1, "a": 1592420647633540000}
{"ev": "T", "sym": "SPY", "i": "3472338191849640018", "x": 17, "p": 312.88, "s": 155, "c": [14, 41], "t": 1592420647440, "z": 1, "a": 1592420647633778000}
{"ev": "T", "sym": "SPY", "i": "52983526347060", "x": 10, "p": 312.88, "s": 100, "t": 1592420647441, "z": 1, "a": 1592420647633814000}
{"ev": "T", "sym": "SPY", "i": "71684317791308", "x": 4, "p": 312.87, "s": 100, "t": 1592420647451, "z": 1, "a": 1592420647633838000}
{"ev": "T", "sym": "SPY", "i": "71684317791542", "x": 4, "p": 312.875, "s": 400, "t": 1592420647582, "z": 1, "a": 1592420647663334000}
{"ev": "T", "sym": "SPY", "i": "52983575753520", "x": 11, "p": 312.88, "s": 100, "c": [14, 41], "t": 1592420647791, "z": 1, "a": 1592420647938414000}
{"ev": "T", "sym": "SPY", "i": "52983575753521", "x": 11, "p": 312.89, "s": 100, "t": 1592420647800, "z": 1, "a": 1592420647947406000}
{"ev": "T", "sym": "SPY", "i": "52983575753522", "x": 11, "p": 312.89, "s": 100, "t": 1592420647800, "z": 1, "a": 1592420647947448000}
{"ev": "T", "sym": "SPY", "i": "52983526287667", "x": 19, "p": 312.89, "s": 100, "c": [14, 41], "t": 1592420647800, "z": 1, "a": 1592420647947469000}
{"ev": "T", "sym": "SPY", "i": "52983526347061", "x": 10, "p": 312.89, "s": 100, "c": [14, 41], "t": 1592420647800, "z": 1, "a": 1592420647947488000}
{"ev": "T", "sym": "SPY", "i": "52983526144101", "x": 8, "p": 312.89, "s": 93, "c": [37], "t": 1592420647800, "z": 1, "a": 1592420647947504000}
{"ev": "T", "sym": "SPY", "i": "3472338192521061214", "x": 12, "p": 312.89, "s": 10, "c": [14, 37, 41], "t": 1592420647800, "z": 1, "a": 1592420647947519000}
{"ev": "T", "sym": "SPY", "i": "3472338192521061215", "x": 12, "p": 312.89, "s": 10, "c": [14, 37, 41], "t": 1592420647800, "z": 1, "a": 1592420647947537000}
{"ev": "T", "sym": "SPY", "i": "3472338192521061216", "x": 12, "p": 312.89, "s": 100, "c": [14, 41], "t": 1592420647800, "z": 1, "a": 1592420647947591000}
{"ev": "T", "sym": "SPY", "i": "52983526144102", "x": 8, "p": 312.89, "s": 7, "c": [37], "t": 1592420647801, "z": 1, "a": 1592420647947623000}
{"ev": "T", "sym": "SPY", "i": "3472328524586500463", "x": 15, "p": 312.89, "s": 100, "t": 1592420647801, "z": 1, "a": 1592420647947644000}
{"ev": "T", "sym": "SPY", "i": "71684317792325", "x": 4, "p": 312.8897, "s": 300, "t": 1592420648278, "z": 1, "a": 1592420648378172000}
{"ev": "T", "sym": "SPY", "i": "3472328524586840377", "x": 15, "p": 312.885, "s": 100, "t": 1592420648279, "z": 1, "a": 1592420648378209000}
{"ev": "T", "sym": "SPY", "i": "71684317792327", "x": 4, "p": 312.8897, "s": 200, "t": 1592420648282, "z": 1, "a": 1592420648378226000}
{"ev": "T", "sym": "SPY", "i": "71684317792328", "x": 4, "p": 312.89, "s": 300, "t": 1592420648285, "z": 1, "a": 1592420648378239000}
{"ev": "T", "sym": "GLD", "i": "71684317792590", "x": 4, "p": 162.295, "s": 2, "c": [37], "t": 1592420648546, "z": 1, "a": 1592420648754792000}
{"ev": "T", "sym": "SPY", "i": "3472338192521062968", "x": 12, "p": 312.88, "s": 100, "c": [14, 41], "t": 1592420649162, "z": 1, "a": 1592420649266825000}
{"ev": "T", "sym": "SPY", "i": "52983526347062", "x": 10, "p": 312.87, "s": 100, "t": 1592420649173, "z": 1, "a": 1592420649293140000}
{"ev": "T", "sym": "SPY", "i": "3472338192521063003", "x": 12, "p": 312.87, "s": 11, "c": [37], "t": 1592420649179, "z": 1, "a": 1592420649293225000}
{"ev": "T", "sym": "SPY", "i": "79372477683507", "x": 4, "p": 312.865, "s": 100, "t": 1592420649301, "z": 1, "a": 1592420649384021000}
{"ev": "T", "sym": "SPY", "i": "79372477683509", "x": 4, "p": 312.8601, "s": 1, "c": [37], "t": 1592420649348, "z": 1, "a": 1592420649426448000}
{"ev": "T", "sym": "SPY", "i": "71684317793601", "x": 4, "p": 312.86, "s": 200, "t": 1592420649359, "z": 1, "a": 1592420649426501000}
{"ev": "T", "sym": "SPY", "i": "52983575753524", "x": 11, "p": 312.86, "s": 100, "c": [14, 41], "t": 1592420649709, "z": 1, "a": 1592420649880050000}
{"ev": "T", "sym": "SPY", "i": "52983575753525", "x": 11, "p": 312.85, "s": 10, "c": [37], "t": 1592420649709, "z": 1, "a": 1592420649880092000}
{"ev": "T", "sym": "SPY", "i": "52983575753526", "x": 11, "p": 312.85, "s": 190, "c": [14, 41], "t": 1592420649709, "z": 1, "a": 1592420649880109000}
{"ev": "T", "sym": "SPY", "i": "52983575753527", "x": 11, "p": 312.85, "s": 100, "c": [14, 41], "t": 1592420649709, "z": 1, "a": 1592420649880124000}
{"ev": "T", "sym": "SPY", "i": "3472338192521063743", "x": 12, "p": 312.85, "s": 5, "c": [14, 37, 41], "t": 1592420649709, "z": 1, "a": 1592420649880143000}
{"ev": "T", "sym": "SPY", "i": "71684317794102", "x": 4, "p": 312.84, "s": 548, "t": 1592420649742, "z": 1, "a": 1592420649880967000}
{"ev": "T", "sym": "SPY", "i": "71684317794117", "x": 4, "p": 312.85, "s": 50, "c": [37], "t": 1592420649807, "z": 1, "a": 1592420649905601000}
{"ev": "T", "sym": "SPY", "i": "52983526287682", "x": 19, "p": 312.86, "s": 46, "c": [14, 37, 41], "t": 1592420649822, "z": 1, "a": 1592420649905636000}
{"ev": "T", "sym": "SPY", "i": "52983526287683", "x": 19, "p": 312.86, "s": 54, "c": [14, 37, 41], "t": 1592420649822, "z": 1, "a": 1592420649905652000}
{"ev": "T", "sym": "SPY", "i": "52983526287684", "x": 19, "p": 312.86, "s": 46, "c": [14, 37, 41], "t": 1592420649822, "z": 1, "a": 1592420649905665000}
{"ev": "T", "sym": "SPY", "i": "52983526287685", "x": 19, "p": 312.86, "s": 11, "c": [14, 37, 41], "t": 1592420649822, "z": 1, "a": 1592420649905676000}
{"ev": "T", "sym": "SPY", "i": "52983526287686", "x": 19, "p": 312.86, "s": 46, "c": [14, 37, 41], "t": 1592420649822, "z": 1, "a": 1592420649905686000}
{"ev": "T", "sym": "SPY", "i": "52983525424972", "x": 18, "p": 312.87, "s": 8, "c": [14, 37, 41], "t": 1592420649823, "z": 1, "a": 1592420649905696000}
{"ev": "T", "sym": "SPY", "i": "52983525424973", "x": 18, "p": 312.87, "s": 9, "c": [14, 37, 41], "t": 1592420649823, "z": 1, "a": 1592420649905706000}
{"ev": "T", "sym": "SPY", "i": "71684317794124", "x": 4, "p": 312.86, "s": 200, "t": 1592420649861, "z": 1, "a": 1592420649950193000}
{"ev": "T", "sym": "SPY", "i": "79372477683768", "x": 4, "p": 312.8699, "s": 10, "c": [37], "t": 1592420649956, "z": 1, "a": 1592420650050913000}
{"ev": "T", "sym": "SPY", "i": "52983575753538", "x": 11, "p": 312.87, "s": 100, "c": [14, 41], "t": 1592420650144, "z": 1, "a": 1592420650203634000}
{"ev": "T", "sym": "SPY", "i": "3472338192521113917", "x": 12, "p": 312.87, "s": 100, "c": [14, 41], "t": 1592420650145, "z": 1, "a": 1592420650203669000}
{"ev": "T", "sym": "SPY", "i": "52983525424974", "x": 18, "p": 312.87, "s": 83, "c": [14, 37, 41], "t": 1592420650145, "z": 1, "a": 1592420650203843000}
{"ev": "T", "sym": "SPY", "i": "52983575753541", "x": 11, "p": 312.88, "s": 100, "c": [14, 41], "t": 1592420650372, "z": 1, "a": 1592420650495065000}
{"ev": "T", "sym": "SPY", "i": "52983575753542", "x": 11, "p": 312.88, "s": 100, "c": [14, 41], "t": 1592420650372, "z": 1, "a": 1592420650504067000}
{"ev": "T", "sym": "SPY", "i": "52983526287689", "x": 19, "p": 312.88, "s": 46, "c": [14, 37, 41], "t": 1592420650372, "z": 1, "a": 1592420650504104000}
{"ev": "T", "sym": "SPY", "i": "52983525424976", "x": 18, "p": 312.88, "s": 300, "c": [14, 41], "t": 1592420650372, "z": 1, "a": 1592420650504120000}
{"ev": "T", "sym": "SPY", "i": "52983526144107", "x": 8, "p": 312.88, "s": 100, "c": [14, 41], "t": 1592420650372, "z": 1, "a": 1592420650504132000}
{"ev": "T", "sym": "SPY", "i": "52983526287690", "x": 19, "p": 312.88, "s": 37, "c": [14, 37, 41], "t": 1592420650372, "z": 1, "a": 1592420650504143000}
{"ev": "T", "sym": "SPY", "i": "52983526287691", "x": 19, "p": 312.88, "s": 28, "c": [14, 37, 41], "t": 1592420650372, "z": 1, "a": 1592420650504154000}
{"ev": "T", "sym": "SPY", "i": "52983526287692", "x": 19, "p": 312.88, "s": 83, "c": [14, 37, 41], "t": 1592420650372, "z": 1, "a": 1592420650504164000}
{"ev": "T", "sym": "SPY", "i": "52983526287693", "x": 19, "p": 312.88, "s": 300, "c": [14, 41], "t": 1592420650372, "z": 1, "a": 1592420650504174000}
{"ev": "T", "sym": "SPY", "i": "52983526287694", "x": 19, "p": 312.88, "s": 6, "c": [14, 37, 41], "t": 1592420650372, "z": 1, "a": 1592420650504185000}
{"ev": "T", "sym": "SPY", "i": "52983526144108", "x": 8, "p": 312.88, "s": 27, "c": [14, 37, 41], "t": 1592420650373, "z": 1, "a": 1592420650504195000}
{"ev": "T", "sym": "SPY", "i": "52983526144109", "x": 8, "p": 312.88, "s": 73, "c": [14, 37, 41], "t": 1592420650373, "z": 1, "a": 1592420650504205000}
{"ev": "T", "sym": "SPY", "i": "71684317794871", "x": 4, "p": 312.875, "s": 100, "t": 1592420650374, "z": 1, "a": 1592420650504215000}
{"ev": "T", "sym": "GLD", "i": "3472328524600663605", "x": 15, "p": 162.295, "s": 80, "c": [37], "t": 1592420650462, "z": 1, "a": 1592420650533517000}
{"ev": "T", "sym": "SPY", "i": "52983526347063", "x": 10, "p": 312.87, "s": 200, "c": [14, 41], "t": 1592420650457, "z": 1, "a": 1592420650568732000}
{"ev": "T", "sym": "SPY", "i": "52983575753543", "x": 11, "p": 312.88, "s": 100, "c": [14, 41], "t": 1592420650457, "z": 1, "a": 1592420650568770000}
{"ev": "T", "sym": "SPY", "i": "52983575753544", "x": 11, "p": 312.88, "s": 101, "c": [14, 41], "t": 1592420650457, "z": 1, "a": 1592420650568787000}
{"ev": "T", "sym": "SPY", "i": "52983575753545", "x": 11, "p": 312.88, "s": 500, "c": [14, 41], "t": 1592420650457, "z": 1, "a": 1592420650568800000}
{"ev": "T", "sym": "SPY", "i": "52983526144111", "x": 8, "p": 312.88, "s": 100, "c": [14, 41], "t": 1592420650457, "z": 1, "a": 1592420650568811000}
{"ev": "T", "sym": "SPY", "i": "52983575753546", "x": 11, "p": 312.87, "s": 500, "c": [14, 41], "t": 1592420650457, "z": 1, "a": 1592420650568823000}
{"ev": "T", "sym": "SPY", "i": "52983525424979", "x": 18, "p": 312.87, "s": 17, "c": [14, 37, 41], "t": 1592420650457, "z": 1, "a": 1592420650568834000}
{"ev": "T", "sym": "SPY", "i": "52983526144112", "x": 8, "p": 312.88, "s": 12, "c": [14, 37, 41], "t": 1592420650457, "z": 1, "a": 1592420650568847000}
{"ev": "T", "sym": "SPY", "i": "52983526287697", "x": 19, "p": 312.88, "s": 300, "c": [14, 41], "t": 1592420650457, "z": 1, "a": 1592420650568863000}
{"ev": "T", "sym": "SPY", "i": "52983525424980", "x": 18, "p": 312.87, "s": 39, "c": [14, 37, 41], "t": 1592420650457, "z": 1, "a": 1592420650568887000}
{"ev": "T", "sym": "SPY", "i": "52983526287698", "x": 19, "p": 312.88, "s": 10, "c": [14, 37, 41], "t": 1592420650457, "z": 1, "a": 1592420650568897000}
{"ev": "T", "sym": "SPY", "i": "52983575753547", "x": 11, "p": 312.87, "s": 100, "c": [14, 41], "t": 1592420650457, "z": 1, "a": 1592420650568907000}
{"ev": "T", "sym": "SPY", "i": "52983526287699", "x": 19, "p": 312.88, "s": 100, "c": [14, 41], "t": 1592420650457, "z": 1, "a": 1592420650568917000}
{"ev": "T", "sym": "SPY", "i": "52983526144113", "x": 8, "p": 312.88, "s": 26, "c": [14, 37, 41], "t": 1592420650457, "z": 1, "a": 1592420650568926000}
{"ev": "T", "sym": "SPY", "i": "52983526287700", "x": 19, "p": 312.87, "s": 100, "c": [14, 41], "t": 1592420650457, "z": 1, "a": 1592420650568936000}
{"ev": "T", "sym": "SPY", "i": "3472338191867536742", "x": 2, "p": 312.88, "s": 1, "c": [14, 37, 41], "t": 1592420650457, "z": 1, "a": 1592420650568946000}
{"ev": "T", "sym": "SPY", "i": "3472338192521114478", "x": 12, "p": 312.88, "s": 100, "c": [14, 41], "t": 1592420650457, "z": 1, "a": 1592420650568956000}
{"ev": "T", "sym": "SPY", "i": "3472338192521114479", "x": 12, "p": 312.88, "s": 100, "c": [14, 41], "t": 1592420650457, "z": 1, "a": 1592420650568966000}
{"ev": "T", "sym": "SPY", "i": "3472338192521114672", "x": 12, "p": 312.88, "s": 100, "c": [14, 41], "t": 1592420650457, "z": 1, "a": 1592420650568975000}
{"ev": "T", "sym": "SPY", "i": "3472338191849640255", "x": 17, "p": 312.88, "s": 5, "c": [14, 37, 41], "t": 1592420650457, "z": 1, "a": 1592420650568985000}
{"ev": "T", "sym": "SPY", "i": "52983526287701", "x": 19, "p": 312.87, "s": 100, "c": [14, 41], "t": 1592420650457, "z": 1, "a": 1592420650568995000}
{"ev": "T", "sym": "SPY", "i": "52983526144114", "x": 8, "p": 312.87, "s": 100, "c": [14, 41], "t": 1592420650457, "z": 1, "a": 1592420650569004000}
{"ev": "T", "sym": "SPY", "i": "3472338192521114673", "x": 12, "p": 312.87, "s": 400, "c": [14, 41], "t": 1592420650457, "z": 1, "a": 1592420650569014000}
{"ev": "T", "sym": "SPY", "i": "3472338192521114674", "x": 12, "p": 312.87, "s": 100, "c": [14, 41], "t": 1592420650457, "z": 1, "a": 1592420650569023000}
{"ev": "T", "sym": "SPY", "i": "3472338192521114675", "x": 12, "p": 312.87, "s": 100, "c": [14, 41], "t": 1592420650457, "z": 1, "a": 1592420650569033000}
{"ev": "T", "sym": "SPY", "i": "3472338192521114676", "x": 12, "p": 312.87, "s": 89, "c": [14, 37, 41], "t": 1592420650457, "z": 1, "a": 1592420650569042000}
{"ev": "T", "sym": "SPY", "i": "52983526287702", "x": 19, "p": 312.87, "s": 100, "c": [14, 41], "t": 1592420650457, "z": 1, "a": 1592420650569052000}
{"ev": "T", "sym": "SPY", "i": "52983526144115", "x": 8, "p": 312.87, "s": 17, "c": [14, 37, 41], "t": 1592420650457, "z": 1, "a": 1592420650569061000}
{"ev": "T", "sym": "SPY", "i": "52983526144116", "x": 8, "p": 312.87, "s": 27, "c": [14, 37, 41], "t": 1592420650457, "z": 1, "a": 1592420650569072000}
{"ev": "T", "sym": "SPY", "i": "52983526144117", "x": 8, "p": 312.87, "s": 100, "c": [14, 41], "t": 1592420650457, "z": 1, "a": 1592420650569081000}
{"ev": "T", "sym": "SPY", "i": "52983526144118", "x": 8, "p": 312.87, "s": 56, "c": [14, 37, 41], "t": 1592420650457, "z": 1, "a": 1592420650569091000}
{"ev": "T", "sym": "SPY", "i": "52983575753548", "x": 11, "p": 312.89, "s": 600, "t": 1592420650862, "z": 1, "a": 1592420651006202000}
{"ev": "T", "sym": "SPY", "i": "71684317795162", "x": 4, "p": 312.86, "s": 100, "t": 1592420650915, "z": 1, "a": 1592420651007597000}
{"ev": "T", "sym": "SPY", "i": "52983575753552", "x": 11, "p": 312.87, "s": 100, "c": [14, 41], "t": 1592420651123, "z": 1, "a": 1592420651313210000}
{"ev": "T", "sym": "SPY", "i": "3472338191849640260", "x": 17, "p": 312.87, "s": 300, "c": [14, 41], "t": 1592420651123, "z": 1, "a": 1592420651313263000}
{"ev": "T", "sym": "SPY", "i": "79372477684292", "x": 4, "p": 312.87, "s": 999, "t": 1592420651586, "z": 1, "a": 1592420651729404000}
{"ev": "T", "sym": "SPY", "i": "79372477684302", "x": 4, "p": 312.855, "s": 25, "c": [37], "t": 1592420651881, "z": 1, "a": 1592420652030444000}
{"ev": "T", "sym": "SPY", "i": "52983526287705", "x": 19, "p": 312.85, "s": 41, "c": [37], "t": 1592420651884, "z": 1, "a": 1592420652031284000}
{"ev": "T", "sym": "GLD", "i": "71684317796181", "x": 4, "p": 162.299, "s": 66, "c": [37], "t": 1592420651951, "z": 1, "a": 1592420652032428000}
{"ev": "T", "sym": "SPY", "i": "71684317796441", "x": 4, "p": 312.845, "s": 100, "t": 1592420652215, "z": 1, "a": 1592420652336818000}
{"ev": "T", "sym": "SPY", "i": "79372477739081", "x": 4, "p": 312.849, "s": 15, "c": [37], "t": 1592420652242, "z": 1, "a": 1592420652337712000}
{"ev": "T", "sym": "SPY", "i": "71684317796952", "x": 4, "p": 312.85, "s": 300, "t": 1592420652705, "z": 1, "a": 1592420652855441000}
{"ev": "T", "sym": "SPY", "i": "52983525424981", "x": 18, "p": 312.86, "s": 100, "c": [14, 41], "t": 1592420652736, "z": 1, "a": 1592420652856940000}
{"ev": "T", "sym": "SPY", "i": "52983526287708", "x": 19, "p": 312.86, "s": 11, "c": [14, 37, 41], "t": 1592420652736, "z": 1, "a": 1592420652857001000}
{"ev": "T", "sym": "SPY", "i": "52983526287709", "x": 19, "p": 312.86, "s": 100, "c": [14, 41], "t": 1592420652736, "z": 1, "a": 1592420652857040000}
{"ev": "T", "sym": "SPY", "i": "52983526287710", "x": 19, "p": 312.86, "s": 100, "c": [14, 41], "t": 1592420652736, "z": 1, "a": 1592420652857072000}
{"ev": "T", "sym": "SPY", "i": "52983526287711", "x": 19, "p": 312.86, "s": 66, "c": [14, 37, 41], "t": 1592420652736, "z": 1, "a": 1592420652857102000}
{"ev": "T", "sym": "SPY", "i": "52983526287712", "x": 19, "p": 312.86, "s": 56, "c": [14, 37, 41], "t": 1592420652736, "z": 1, "a": 1592420652857121000}
{"ev": "T", "sym": "SPY", "i": "52983526287713", "x": 19, "p": 312.86, "s": 65, "c": [14, 37, 41], "t": 1592420652736, "z": 1, "a": 1592420652857137000}
{"ev": "T", "sym": "SPY", "i": "52983526287714", "x": 19, "p": 312.86, "s": 100, "c": [14, 41], "t": 1592420652737, "z": 1, "a": 1592420652857152000}
{"ev": "T", "sym": "SPY", "i": "52983526287715", "x": 19, "p": 312.86, "s": 102, "c": [14, 41], "t": 1592420652737, "z": 1, "a": 1592420652857168000}
{"ev": "T", "sym": "SPY", "i": "52983575753553", "x": 11, "p": 312.87, "s": 200, "t": 1592420652742, "z": 1, "a": 1592420652857183000}
{"ev": "T", "sym": "SPY", "i": "52983526144119", "x": 8, "p": 312.87, "s": 80, "c": [37], "t": 1592420652742, "z": 1, "a": 1592420652857198000}
{"ev": "T", "sym": "SPY", "i": "52983526287716", "x": 19, "p": 312.85, "s": 40, "c": [37], "t": 1592420653062, "z": 1, "a": 1592420653115617000}
{"ev": "T", "sym": "SPY", "i": "71684317851978", "x": 4, "p": 312.851, "s": 100, "t": 1592420653123, "z": 1, "a": 1592420653190337000}
{"ev": "T", "sym": "SPY", "i": "71684317851979", "x": 4, "p": 312.851, "s": 400, "t": 1592420653123, "z": 1, "a": 1592420653215090000}
{"ev": "T", "sym": "SPY", "i": "52983526287723", "x": 19, "p": 312.85, "s": 19, "c": [37], "t": 1592420653385, "z": 1, "a": 1592420653469049000}
{"ev": "T", "sym": "SPY", "i": "52983575753554", "x": 11, "p": 312.85, "s": 100, "t": 1592420653385, "z": 1, "a": 1592420653469087000}
{"ev": "T", "sym": "GLD", "i": "3472338192521117791", "x": 12, "p": 162.295, "s": 50, "c": [37], "t": 1592420653790, "z": 1, "a": 1592420653874665000}
{"ev": "T", "sym": "SPY", "i": "52983526287924", "x": 19, "p": 312.85, "s": 300, "c": [14, 41], "t": 1592420654684, "z": 1, "a": 1592420654796654000}
{"ev": "T", "sym": "SPY", "i": "52983526144122", "x": 8, "p": 312.86, "s": 97, "c": [37], "t": 1592420655149, "z": 1, "a": 1592420655307838000}
{"ev": "T", "sym": "SPY", "i": "52983575753556", "x": 11, "p": 312.86, "s": 100, "t": 1592420655150, "z": 1, "a": 1592420655309269000}
{"ev": "T", "sym": "SPY", "i": "52983575753557", "x": 11, "p": 312.86, "s": 400, "c": [14, 41], "t": 1592420655150, "z": 1, "a": 1592420655309316000}
{"ev": "T", "sym": "SPY", "i": "52983526347065", "x": 10, "p": 312.86, "s": 100, "c": [14, 41], "t": 1592420655150, "z": 1, "a": 1592420655309342000}
{"ev": "T", "sym": "SPY", "i": "52983526144304", "x": 8, "p": 312.86, "s": 3, "c": [14, 37, 41], "t": 1592420655150, "z": 1, "a": 1592420655309361000}
{"ev": "T", "sym": "SPY", "i": "52983526287925", "x": 19, "p": 312.86, "s": 100, "c": [14, 41], "t": 1592420655150, "z": 1, "a": 1592420655309380000}
{"ev": "T", "sym": "SPY", "i": "3472338192521120084", "x": 12, "p": 312.86, "s": 200, "c": [14, 41], "t": 1592420655151, "z": 1, "a": 1592420655309396000}
{"ev": "T", "sym": "SPY", "i": "71684317856048", "x": 4, "p": 312.87, "s": 100, "t": 1592420655162, "z": 1, "a": 1592420655309412000}
{"ev": "T", "sym": "SPY", "i": "3472338192521120349", "x": 12, "p": 312.87, "s": 4, "c": [37], "t": 1592420655392, "z": 1, "a": 1592420655451046000}
{"ev": "T", "sym": "SPY", "i": "71684317856322", "x": 4, "p": 312.865, "s": 100, "t": 1592420655433, "z": 1, "a": 1592420655514081000}
{"ev": "T", "sym": "SPY", "i": "71684317856592", "x": 4, "p": 312.87, "s": 100, "t": 1592420655722, "z": 1, "a": 1592420655825088000}
{"ev": "T", "sym": "SPY", "i": "52983526347073", "x": 10, "p": 312.87, "s": 500, "c": [14, 41], "t": 1592420655729, "z": 1, "a": 1592420655826329000}
{"ev": "T", "sym": "SPY", "i": "79372477740594", "x": 4, "p": 312.8601, "s": 100, "t": 1592420656005, "z": 1, "a": 1592420656126374000}
{"ev": "T", "sym": "SPY", "i": "52983526347074", "x": 10, "p": 312.87, "s": 25, "c": [14, 37, 41], "t": 1592420656111, "z": 1, "a": 1592420656157211000}
{"ev": "T", "sym": "SPY", "i": "79372477740609", "x": 4, "p": 312.8675, "s": 25, "c": [37], "t": 1592420656114, "z": 1, "a": 1592420656157280000}
{"ev": "T", "sym": "SPY", "i": "71684317857080", "x": 4, "p": 312.87, "s": 175, "t": 1592420656158, "z": 1, "a": 1592420656213431000}
{"ev": "T", "sym": "SPY", "i": "71684317857103", "x": 4, "p": 312.87, "s": 478, "t": 1592420656200, "z": 1, "a": 1592420656248587000}
{"ev": "T", "sym": "SPY", "i": "79372477740865", "x": 4, "p": 312.8799, "s": 200, "t": 1592420656803, "z": 1, "a": 1592420656917362000}
{"ev": "T", "sym": "SPY", "i": "52983575753781", "x": 11, "p": 312.87, "s": 200, "t": 1592420657048, "z": 1, "a": 1592420657108040000}
{"ev": "T", "sym": "SPY", "i": "71684317858116", "x": 4, "p": 312.86, "s": 100, "t": 1592420657097, "z": 1, "a": 1592420657154455000}
{"ev": "T", "sym": "SPY", "i": "71684317858117", "x": 4, "p": 312.86, "s": 300, "t": 1592420657097, "z": 1, "a": 1592420657160937000}
{"ev": "T", "sym": "SPY", "i": "3472338191849640498", "x": 17, "p": 312.86, "s": 200, "c": [14, 41], "t": 1592420657233, "z": 1, "a": 1592420657278948000}
{"ev": "T", "sym": "SPY", "i": "52983526144310", "x": 8, "p": 312.85, "s": 100, "c": [14, 41], "t": 1592420657278, "z": 1, "a": 1592420657338460000}
{"ev": "T", "sym": "SPY", "i": "52983526287931", "x": 19, "p": 312.85, "s": 100, "c": [14, 41], "t": 1592420657278, "z": 1, "a": 1592420657377194000}
{"ev": "T", "sym": "SPY", "i": "52983575753782", "x": 11, "p": 312.85, "s": 100, "c": [14, 41], "t": 1592420657278, "z": 1, "a": 1592420657377246000}
{"ev": "T", "sym": "SPY", "i": "52983575753783", "x": 11, "p": 312.85, "s": 100, "c": [14, 41], "t": 1592420657278, "z": 1, "a": 1592420657377271000}
{"ev": "T", "sym": "SPY", "i": "3472338192521122919", "x": 12, "p": 312.85, "s": 700, "c": [14, 41], "t": 1592420657278, "z": 1, "a": 1592420657377290000}
{"ev": "T", "sym": "SPY", "i": "3472338192521123142", "x": 12, "p": 312.84, "s": 100, "c": [14, 41], "t": 1592420657290, "z": 1, "a": 1592420657377307000}
{"ev": "T", "sym": "SPY", "i": "3472338192521123143", "x": 12, "p": 312.84, "s": 100, "c": [14, 41], "t": 1592420657290, "z": 1, "a": 1592420657377323000}
{"ev": "T", "sym": "SPY", "i": "3472338192521123144", "x": 12, "p": 312.84, "s": 100, "t": 1592420657290, "z": 1, "a": 1592420657377338000}
{"ev": "T", "sym": "SPY", "i": "3472338192521123145", "x": 12, "p": 312.84, "s": 300, "t": 1592420657290, "z": 1, "a": 1592420657377354000}
{"ev": "T", "sym": "SPY", "i": "52983575753793", "x": 11, "p": 312.84, "s": 100, "t": 1592420657290, "z": 1, "a": 1592420657377369000}
{"ev": "T", "sym": "SPY", "i": "52983526287932", "x": 19, "p": 312.84, "s": 100, "t": 1592420657290, "z": 1, "a": 1592420657377383000}
{"ev": "T", "sym": "SPY", "i": "52983526287933", "x": 19, "p": 312.84, "s": 100, "t": 1592420657290, "z": 1, "a": 1592420657377397000}
{"ev": "T", "sym": "SPY", "i": "3472338192521123171", "x": 12, "p": 312.84, "s": 50, "c": [14, 37, 41], "t": 1592420657290, "z": 1, "a": 1592420657377411000}
{"ev": "T", "sym": "SPY", "i": "3472338192521123182", "x": 12, "p": 312.84, "s": 50, "c": [14, 37, 41], "t": 1592420657291, "z": 1, "a": 1592420657377429000}
{"ev": "T", "sym": "SPY", "i": "3472338192521123400", "x": 12, "p": 312.84, "s": 100, "c": [14, 41], "t": 1592420657292, "z": 1, "a": 1592420657377445000}
{"ev": "T", "sym": "SPY", "i": "3472338192521123401", "x": 12, "p": 312.84, "s": 100, "c": [14, 41], "t": 1592420657292, "z": 1, "a": 1592420657377460000}
{"ev": "T", "sym": "SPY", "i": "79372477741139", "x": 4, "p": 312.831, "s": 150, "t": 1592420657334, "z": 1, "a": 1592420657390622000}
{"ev": "T", "sym": "SPY", "i": "52983575753794", "x": 11, "p": 312.84, "s": 100, "t": 1592420657422, "z": 1, "a": 1592420657476902000}
{"ev": "T", "sym": "SPY", "i": "3472338192521123680", "x": 12, "p": 312.84, "s": 100, "c": [14, 41], "t": 1592420657423, "z": 1, "a": 1592420657496949000}
{"ev": "T", "sym": "SPY", "i": "3472338192521123681", "x": 12, "p": 312.84, "s": 100, "c": [14, 41], "t": 1592420657423, "z": 1, "a": 1592420657497002000}
{"ev": "T", "sym": "SPY", "i": "52983526144311", "x": 8, "p": 312.84, "s": 100, "c": [14, 41], "t": 1592420657423, "z": 1, "a": 1592420657497027000}
{"ev": "T", "sym": "SPY", "i": "52983526144312", "x": 8, "p": 312.84, "s": 100, "c": [14, 41], "t": 1592420657551, "z": 1, "a": 1592420657609679000}
{"ev": "T", "sym": "SPY", "i": "52983526144313", "x": 8, "p": 312.85, "s": 100, "c": [14, 41], "t": 1592420657551, "z": 1, "a": 1592420657609734000}
{"ev": "T", "sym": "SPY", "i": "52983525424992", "x": 18, "p": 312.85, "s": 100, "c": [14, 41], "t": 1592420657551, "z": 1, "a": 1592420657609759000}
{"ev": "T", "sym": "SPY", "i": "52983525424993", "x": 18, "p": 312.85, "s": 6, "c": [14, 37, 41], "t": 1592420657551, "z": 1, "a": 1592420657609778000}
{"ev": "T", "sym": "SPY", "i": "52983526287939", "x": 19, "p": 312.85, "s": 100, "c": [14, 41], "t": 1592420657551, "z": 1, "a": 1592420657609796000}
{"ev": "T", "sym": "SPY", "i": "52983526287940", "x": 19, "p": 312.85, "s": 100, "c": [14, 41], "t": 1592420657551, "z": 1, "a": 1592420657609816000}
{"ev": "T", "sym": "SPY", "i": "3472338192521124159", "x": 12, "p": 312.85, "s": 21, "c": [14, 37, 41], "t": 1592420657551, "z": 1, "a": 1592420657610109000}
{"ev": "T", "sym": "SPY", "i": "52983526287941", "x": 19, "p": 312.85, "s": 300, "c": [14, 41], "t": 1592420657551, "z": 1, "a": 1592420657610139000}
{"ev": "T", "sym": "SPY", "i": "52983526144314", "x": 8, "p": 312.85, "s": 33, "c": [14, 37, 41], "t": 1592420657551, "z": 1, "a": 1592420657610156000}
{"ev": "T", "sym": "SPY", "i": "52983526144315", "x": 8, "p": 312.85, "s": 100, "c": [14, 41], "t": 1592420657551, "z": 1, "a": 1592420657610173000}
{"ev": "T", "sym": "SPY", "i": "52983526144316", "x": 8, "p": 312.85, "s": 40, "c": [14, 37, 41], "t": 1592420657551, "z": 1, "a": 1592420657610188000}
{"ev": "T", "sym": "SPY", "i": "71684317859126", "x": 4, "p": 312.84, "s": 4, "c": [37], "t": 1592420657704, "z": 1, "a": 1592420657776686000}
{"ev": "T", "sym": "SPY", "i": "52983526287942", "x": 19, "p": 312.85, "s": 65, "c": [14, 37, 41], "t": 1592420658396, "z": 1, "a": 1592420658442189000}
{"ev": "T", "sym": "SPY", "i": "52983526287943", "x": 19, "p": 312.85, "s": 28, "c": [14, 37, 41], "t": 1592420658396, "z": 1, "a": 1592420658442243000}
{"ev": "T", "sym": "SPY", "i": "52983526287944", "x": 19, "p": 312.85, "s": 66, "c": [14, 37, 41], "t": 1592420658396, "z": 1, "a": 1592420658468244000}
{"ev": "T", "sym": "SPY", "i": "52983526287945", "x": 19, "p": 312.85, "s": 37, "c": [14, 37, 41], "t": 1592420658396, "z": 1, "a": 1592420658468280000}
{"ev": "T", "sym": "SPY", "i": "52983526287946", "x": 19, "p": 312.85, "s": 28, "c": [14, 37, 41], "t": 1592420658396, "z": 1, "a": 1592420658468296000}
{"ev": "T", "sym": "SPY", "i": "52983526287947", "x": 19, "p": 312.85, "s": 37, "c": [14, 37, 41], "t": 1592420658396, "z": 1, "a": 1592420658468308000}
{"ev": "T", "sym": "SPY", "i": "52983526287948", "x": 19, "p": 312.85, "s": 197, "c": [14, 41], "t": 1592420658396, "z": 1, "a": 1592420658468319000}
{"ev": "T", "sym": "SPY", "i": "52983526287949", "x": 19, "p": 312.85, "s": 42, "c": [14, 37, 41], "t": 1592420658397, "z": 1, "a": 1592420658468329000}
{"ev": "T", "sym": "SPY", "i": "71684317860186", "x": 4, "p": 312.855, "s": 38, "c": [37], "t": 1592420658575, "z": 1, "a": 1592420658617233000}
{"ev": "T", "sym": "SPY", "i": "52983526287950", "x": 19, "p": 312.86, "s": 103, "c": [14, 41], "t": 1592420658720, "z": 1, "a": 1592420658774729000}
{"ev": "T", "sym": "SPY", "i": "52983526144319", "x": 8, "p": 312.86, "s": 159, "c": [14, 41], "t": 1592420658720, "z": 1, "a": 1592420658774780000}
{"ev": "T", "sym": "SPY", "i": "3472338192521126194", "x": 12, "p": 312.86, "s": 100, "c": [14, 41], "t": 1592420658721, "z": 1, "a": 1592420658774804000}
{"ev": "T", "sym": "GLD", "i": "71684317861462", "x": 4, "p": 162.295, "s": 150, "t": 1592420659557, "z": 1, "a": 1592420659726059000}
{"ev": "T", "sym": "SPY", "i": "3472338192521127747", "x": 12, "p": 312.855, "s": 5, "c": [14, 37, 41], "t": 1592420660365, "z": 1, "a": 1592420660427505000}
{"ev": "T", "sym": "SPY", "i": "52983575753799", "x": 11, "p": 312.86, "s": 100, "c": [14, 41], "t": 1592420660673, "z": 1, "a": 1592420660842580000}
{"ev": "T", "sym": "SPY", "i": "52983526287952", "x": 19, "p": 312.86, "s": 75, "c": [14, 37, 41], "t": 1592420660673, "z": 1, "a": 1592420660842633000}
{"ev": "T", "sym": "SPY", "i": "52983526347078", "x": 10, "p": 312.87, "s": 100, "c": [14, 41], "t": 1592420660763, "z": 1, "a": 1592420660844855000}
{"ev": "T", "sym": "SPY", "i": "52983575753800", "x": 11, "p": 312.87, "s": 200, "t": 1592420660763, "z": 1, "a": 1592420660844908000}
{"ev": "T", "sym": "SPY", "i": "52983575753801", "x": 11, "p": 312.87, "s": 100, "t": 1592420660763, "z": 1, "a": 1592420660844933000}
{"ev": "T", "sym": "SPY", "i": "3472338192521179203", "x": 12, "p": 312.88, "s": 100, "c": [14, 41], "t": 1592420661574, "z": 1, "a": 1592420661758504000}
{"ev": "T", "sym": "SPY", "i": "52983526933302", "x": 3, "p": 312.88, "s": 100, "t": 1592420661585, "z": 1, "a": 1592420661758557000}
{"ev": "T", "sym": "SPY", "i": "3472338192521180213", "x": 12, "p": 312.88, "s": 1, "c": [37], "t": 1592420662346, "z": 1, "a": 1592420662577502000}
{"ev": "T", "sym": "SPY", "i": "79372477744712", "x": 4, "p": 312.885, "s": 100, "t": 1592420662416, "z": 1, "a": 1592420662578486000}
{"ev": "T", "sym": "SPY", "i": "71684317919311", "x": 4, "p": 312.88, "s": 300, "t": 1592420662589, "z": 1, "a": 1592420662642249000}
{"ev": "T", "sym": "SPY", "i": "52983575753804", "x": 11, "p": 312.88, "s": 100, "c": [14, 41], "t": 1592420662986, "z": 1, "a": 1592420663194478000}
{"ev": "T", "sym": "SPY", "i": "52983575753805", "x": 11, "p": 312.88, "s": 100, "c": [14, 41], "t": 1592420662986, "z": 1, "a": 1592420663194530000}
{"ev": "T", "sym": "SPY", "i": "52983526287954", "x": 19, "p": 312.88, "s": 1, "c": [14, 37, 41], "t": 1592420662986, "z": 1, "a": 1592420663194554000}
{"ev": "T", "sym": "SPY", "i": "52983526287955", "x": 19, "p": 312.88, "s": 1, "c": [14, 37, 41], "t": 1592420662986, "z": 1, "a": 1592420663194575000}
{"ev": "T", "sym": "SPY", "i": "3472338192521180734", "x": 12, "p": 312.88, "s": 99, "c": [14, 37, 41], "t": 1592420662986, "z": 1, "a": 1592420663194593000}
{"ev": "T", "sym": "SPY", "i": "52983575753806", "x": 11, "p": 312.87, "s": 26, "c": [14, 37, 41], "t": 1592420662987, "z": 1, "a": 1592420663194611000}
{"ev": "T", "sym": "SPY", "i": "71684317921613", "x": 4, "p": 312.86, "s": 13, "c": [37], "t": 1592420662997, "z": 1, "a": 1592420663197254000}
{"ev": "T", "sym": "SPY", "i": "71684317921846", "x": 4, "p": 312.875, "s": 64, "c": [37], "t": 1592420663119, "z": 1, "a": 1592420663198638000}
{"ev": "T", "sym": "SPY", "i": "52983575753807", "x": 11, "p": 312.875, "s": 100, "t": 1592420663465, "z": 1, "a": 1592420663613334000}
{"ev": "T", "sym": "SPY", "i": "52983575753808", "x": 11, "p": 312.88, "s": 400, "t": 1592420663465, "z": 1, "a": 1592420663613371000}
{"ev": "T", "sym": "SPY", "i": "52983526287956", "x": 19, "p": 312.87, "s": 4, "c": [37], "t": 1592420663469, "z": 1, "a": 1592420663613385000}
{"ev": "T", "sym": "SPY", "i": "71684317922379", "x": 4, "p": 312.8702, "s": 5, "c": [37], "t": 1592420663753, "z": 1, "a": 1592420663807299000}
{"ev": "T", "sym": "SPY", "i": "71684317922392", "x": 4, "p": 312.89, "s": 100, "t": 1592420663814, "z": 1, "a": 1592420663880837000}
{"ev": "T", "sym": "SPY", "i": "52983525424995", "x": 18, "p": 312.89, "s": 100, "c": [14, 41], "t": 1592420664014, "z": 1, "a": 1592420664077524000}
{"ev": "T", "sym": "SPY", "i": "52983575753809", "x": 11, "p": 312.89, "s": 100, "c": [14, 41], "t": 1592420664015, "z": 1, "a": 1592420664077559000}
{"ev": "T", "sym": "SPY", "i": "52983575753810", "x": 11, "p": 312.89, "s": 100, "c": [14, 41], "t": 1592420664015, "z": 1, "a": 1592420664077574000}
{"ev": "T", "sym": "SPY", "i": "52983526287957", "x": 19, "p": 312.89, "s": 103, "c": [14, 41], "t": 1592420664016, "z": 1, "a": 1592420664077586000}
{"ev": "T", "sym": "SPY", "i": "52983526287958", "x": 19, "p": 312.89, "s": 100, "c": [14, 41], "t": 1592420664016, "z": 1, "a": 1592420664077596000}
{"ev": "T", "sym": "SPY", "i": "52983526287959", "x": 19, "p": 312.89, "s": 100, "c": [14, 41], "t": 1592420664016, "z": 1, "a": 1592420664077682000}
{"ev": "T", "sym": "SPY", "i": "52983526287960", "x": 19, "p": 312.89, "s": 100, "c": [14, 41], "t": 1592420664016, "z": 1, "a": 1592420664077696000}
{"ev": "T", "sym": "SPY", "i": "52983526287961", "x": 19, "p": 312.89, "s": 100, "c": [14, 41], "t": 1592420664016, "z": 1, "a": 1592420664077706000}
{"ev": "T", "sym": "SPY", "i": "3472338192521181747", "x": 12, "p": 312.88, "s": 39, "c": [14, 37, 41], "t": 1592420664021, "z": 1, "a": 1592420664176281000}
{"ev": "T", "sym": "SPY", "i": "3472338192521181748", "x": 12, "p": 312.88, "s": 1, "c": [14, 37, 41], "t": 1592420664021, "z": 1, "a": 1592420664176335000}
{"ev": "T", "sym": "SPY", "i": "52983526287962", "x": 19, "p": 312.87, "s": 9, "c": [37], "t": 1592420664027, "z": 1, "a": 1592420664176361000}
{"ev": "T", "sym": "SPY", "i": "52983575753811", "x": 11, "p": 312.87, "s": 100, "c": [14, 41], "t": 1592420664132, "z": 1, "a": 1592420664251277000}
{"ev": "T", "sym": "SPY", "i": "71684317923147", "x": 4, "p": 312.85, "s": 160, "t": 1592420664231, "z": 1, "a": 1592420664324955000}
{"ev": "T", "sym": "SPY", "i": "52983575754037", "x": 11, "p": 312.85, "s": 100, "c": [14, 41], "t": 1592420664554, "z": 1, "a": 1592420664729830000}
{"ev": "T", "sym": "SPY", "i": "3472338191849640559", "x": 17, "p": 312.85, "s": 300, "c": [14, 41], "t": 1592420664554, "z": 1, "a": 1592420664729886000}
{"ev": "T", "sym": "SPY", "i": "52983526287963", "x": 19, "p": 312.84, "s": 1, "c": [37], "t": 1592420664559, "z": 1, "a": 1592420664729911000}
{"ev": "T", "sym": "SPY", "i": "52983575754049", "x": 11, "p": 312.84, "s": 100, "t": 1592420664564, "z": 1, "a": 1592420664729931000}
{"ev": "T", "sym": "SPY", "i": "52983575754050", "x": 11, "p": 312.84, "s": 1, "c": [37], "t": 1592420664564, "z": 1, "a": 1592420664729947000}
{"ev": "T", "sym": "SPY", "i": "3472338192521183594", "x": 12, "p": 312.84, "s": 54, "c": [14, 37, 41], "t": 1592420664564, "z": 1, "a": 1592420664729962000}
{"ev": "T", "sym": "SPY", "i": "52983526287964", "x": 19, "p": 312.84, "s": 2, "c": [37], "t": 1592420664573, "z": 1, "a": 1592420664729980000}
{"ev": "T", "sym": "SPY", "i": "71684317923922", "x": 4, "p": 312.8499, "s": 200, "t": 1592420664774, "z": 1, "a": 1592420664851503000}
{"ev": "T", "sym": "SPY", "i": "71684317924174", "x": 4, "p": 312.8501, "s": 200, "t": 1592420665017, "z": 1, "a": 1592420665095772000}
{"ev": "T", "sym": "SPY", "i": "79372477745714", "x": 4, "p": 312.8599, "s": 100, "t": 1592420665151, "z": 1, "a": 1592420665229309000}
{"ev": "T", "sym": "SPY", "i": "52983526144324", "x": 8, "p": 312.86, "s": 100, "c": [14, 41], "t": 1592420665186, "z": 1, "a": 1592420665315733000}
{"ev": "T", "sym": "SPY", "i": "52983575754056", "x": 11, "p": 312.86, "s": 4, "c": [14, 37, 41], "t": 1592420665186, "z": 1, "a": 1592420665315770000}
{"ev": "T", "sym": "SPY", "i": "52983526144325", "x": 8, "p": 312.88, "s": 14, "c": [37], "t": 1592420665201, "z": 1, "a": 1592420665315786000}
{"ev": "T", "sym": "SPY", "i": "52983526144326", "x": 8, "p": 312.88, "s": 36, "c": [37], "t": 1592420665201, "z": 1, "a": 1592420665315799000}
{"ev": "T", "sym": "SPY", "i": "52983525297488", "x": 1, "p": 312.88, "s": 100, "c": [14, 41], "t": 1592420665201, "z": 1, "a": 1592420665315810000}
{"ev": "T", "sym": "SPY", "i": "71684317925713", "x": 4, "p": 312.86, "s": 100, "t": 1592420666100, "z": 1, "a": 1592420666151602000}
{"ev": "T", "sym": "SPY", "i": "3472338191849640783", "x": 17, "p": 312.86, "s": 200, "c": [14, 41], "t": 1592420667231, "z": 1, "a": 1592420667391721000}
{"ev": "T", "sym": "SPY", "i": "52983575754058", "x": 11, "p": 312.85, "s": 4, "c": [37], "t": 1592420667241, "z": 1, "a": 1592420667391772000}
{"ev": "T", "sym": "SPY", "i": "71684317982809", "x": 4, "p": 312.857, "s": 100, "t": 1592420668001, "z": 1, "a": 1592420668209266000}
{"ev": "T", "sym": "SPY", "i": "71684317983571", "x": 4, "p": 312.852, "s": 100, "t": 1592420668487, "z": 1, "a": 1592420668617921000}
{"ev": "T", "sym": "SPY", "i": "52983575754059", "x": 11, "p": 312.86, "s": 100, "c": [14, 41], "t": 1592420668715, "z": 1, "a": 1592420668813332000}
{"ev": "T", "sym": "SPY", "i": "52983575754060", "x": 11, "p": 312.86, "s": 100, "c": [14, 41], "t": 1592420668716, "z": 1, "a": 1592420668813372000}
{"ev": "T", "sym": "SPY", "i": "52983575754061", "x": 11, "p": 312.86, "s": 100, "c": [14, 41], "t": 1592420668716, "z": 1, "a": 1592420668813408000}
{"ev": "T", "sym": "SPY", "i": "3472328524636765491", "x": 15, "p": 312.855, "s": 3, "c": [37], "t": 1592420668716, "z": 1, "a": 1592420668813440000}
{"ev": "T", "sym": "SPY", "i": "79372477747032", "x": 4, "p": 312.8525, "s": 2000, "t": 1592420669420, "z": 1, "a": 1592420669645684000}
{"ev": "T", "sym": "GLD", "i": "71684317987125", "x": 4, "p": 162.2999, "s": 29, "c": [37], "t": 1592420669543, "z": 1, "a": 1592420669646783000}
{"ev": "T", "sym": "SPY", "i": "79372477748038", "x": 4, "p": 312.855, "s": 15, "c": [37], "t": 1592420671979, "z": 1, "a": 1592420672104302000}
{"ev": "T", "sym": "SPY", "i": "71684317990728", "x": 4, "p": 312.853, "s": 34, "c": [37], "t": 1592420672371, "z": 1, "a": 1592420672510534000}
{"ev": "T", "sym": "SPY", "i": "52983526347079", "x": 10, "p": 312.86, "s": 100, "c": [14, 41], "t": 1592420672685, "z": 1, "a": 1592420672819984000}
{"ev": "T", "sym": "SPY", "i": "52983575754063", "x": 11, "p": 312.86, "s": 91, "c": [14, 37, 41], "t": 1592420672685, "z": 1, "a": 1592420672820035000}
{"ev": "T", "sym": "SPY", "i": "52983526144338", "x": 8, "p": 312.86, "s": 100, "c": [14, 41], "t": 1592420672685, "z": 1, "a": 1592420672820054000}
{"ev": "T", "sym": "SPY", "i": "3472338192521194033", "x": 12, "p": 312.86, "s": 109, "c": [14, 41], "t": 1592420672685, "z": 1, "a": 1592420672820067000}
{"ev": "T", "sym": "SPY", "i": "52983575754064", "x": 11, "p": 312.86, "s": 9, "c": [14, 37, 41], "t": 1592420672753, "z": 1, "a": 1592420672882217000}
{"ev": "T", "sym": "SPY", "i": "52983575754065", "x": 11, "p": 312.87, "s": 200, "c": [14, 41], "t": 1592420672755, "z": 1, "a": 1592420672882264000}
{"ev": "T", "sym": "SPY", "i": "52983575754066", "x": 11, "p": 312.87, "s": 100, "c": [14, 41], "t": 1592420672755, "z": 1, "a": 1592420672882281000}
{"ev": "T", "sym": "SPY", "i": "52983575754067", "x": 11, "p": 312.87, "s": 100, "c": [14, 41], "t": 1592420672755, "z": 1, "a": 1592420672882294000}
{"ev": "T", "sym": "SPY", "i": "52983575754068", "x": 11, "p": 312.87, "s": 100, "c": [14, 41], "t": 1592420672755, "z": 1, "a": 1592420672882304000}
{"ev": "T", "sym": "SPY", "i": "52983575754069", "x": 11, "p": 312.87, "s": 100, "t": 1592420672755, "z": 1, "a": 1592420672882314000}
{"ev": "T", "sym": "SPY", "i": "52983526144339", "x": 8, "p": 312.87, "s": 100, "c": [14, 41], "t": 1592420672755, "z": 1, "a": 1592420672882324000}
{"ev": "T", "sym": "SPY", "i": "52983525425006", "x": 18, "p": 312.87, "s": 100, "c": [14, 41], "t": 1592420672755, "z": 1, "a": 1592420672882335000}
{"ev": "T", "sym": "SPY", "i": "71684317991245", "x": 4, "p": 312.87, "s": 1000, "t": 1592420672757, "z": 1, "a": 1592420672882345000}
{"ev": "T", "sym": "SPY", "i": "71684317991494", "x": 4, "p": 312.8533, "s": 300, "t": 1592420672790, "z": 1, "a": 1592420672882355000}
{"ev": "T", "sym": "SPY", "i": "71684317992001", "x": 4, "p": 312.85, "s": 100, "t": 1592420673115, "z": 1, "a": 1592420673228542000}
