1604005409561574000 || [{"ev":"status","status":"connected","message":"Connected Successfully"}]
1604005409692886000 || [{"ev":"status","status":"auth_success","message":"authenticated"}]
1604005409693752000 || [{"ev":"status","status":"success","message":"subscribed to: T.SPY"}]
1604005409694313000 || [{"ev":"status","status":"success","message":"subscribed to: T.GLD"}]
1604005410853543000 || [{"ev":"T","sym":"SPY","i":"52983527007092","x":8,"p":327.45,"s":1,"c":[12,37,41],"t":1604005410728,"z":1}]
1604005414282885000 || [{"ev":"T","sym":"SPY","i":"71692756596565","x":4,"p":327.4,"s":10,"c":[12,37],"t":1604005414190,"z":1}]
1604005415138150000 || [{"ev":"T","sym":"SPY","i":"71692756596570","x":4,"p":327.45,"s":1,"c":[12,37],"t":1604005415099,"z":1}]
1604005419879815000 || [{"ev":"T","sym":"SPY","i":"52983575885875","x":11,"p":327.4,"s":15,"c":[12,37],"t":1604005419846,"z":1}]
1604005423027785000 || [{"ev":"T","sym":"SPY","i":"52983575885876","x":11,"p":327.42,"s":99,"c":[14,12,37,41],"t":1604005422991,"z":1}]
1604005423349993000 || [{"ev":"T","sym":"SPY","i":"79376151170360","x":4,"p":327.45,"s":1,"c":[12,37],"t":1604005423302,"z":1}]
1604005427746915000 || [{"ev":"T","sym":"SPY","i":"52983575885877","x":11,"p":327.42,"s":5,"c":[12,37],"t":1604005427636,"z":1}]
1604005428921844000 || [{"ev":"T","sym":"SPY","i":"52983527007093","x":8,"p":327.45,"s":51,"c":[12,37,41],"t":1604005428882,"z":1}]
1604005428929840000 || [{"ev":"T","sym":"SPY","i":"52983575885878","x":11,"p":327.45,"s":49,"c":[12,37],"t":1604005428885,"z":1}]
1604005432095883000 || [{"ev":"T","sym":"SPY","i":"52983527007094","x":8,"p":327.45,"s":1,"c":[12,37,41],"t":1604005432046,"z":1},{"ev":"T","sym":"SPY","i":"52983575885879","x":11,"p":327.45,"s":41,"c":[12,37],"t":1604005432049,"z":1},{"ev":"T","sym":"SPY","i":"52983575885880","x":11,"p":327.45,"s":8,"c":[12,37],"t":1604005432049,"z":1}]
1604005434403228000 || [{"ev":"T","sym":"SPY","i":"52983575885881","x":11,"p":327.45,"s":5,"c":[12,37],"t":1604005434148,"z":1}]
1604005439624835000 || [{"ev":"T","sym":"SPY","i":"52983527007095","x":8,"p":327.45,"s":100,"c":[14,12,41],"t":1604005439523,"z":1}]
1604005441494273000 || [{"ev":"T","sym":"SPY","i":"52983575885889","x":11,"p":327.45,"s":87,"c":[12,37],"t":1604005441458,"z":1}]
1604005441502536000 || [{"ev":"T","sym":"SPY","i":"52983575885890","x":11,"p":327.45,"s":100,"c":[12],"t":1604005441458,"z":1},{"ev":"T","sym":"SPY","i":"52983575885891","x":11,"p":327.45,"s":313,"c":[12],"t":1604005441458,"z":1}]
1604005442187772000 || [{"ev":"T","sym":"SPY","i":"52983575885892","x":11,"p":327.45,"s":100,"c":[12],"t":1604005442122,"z":1}]
1604005442346423000 || [{"ev":"T","sym":"SPY","i":"62880037886317","x":12,"p":327.45,"s":167,"c":[14,12,41],"t":1604005442303,"z":1},{"ev":"T","sym":"SPY","i":"52983575885893","x":11,"p":327.45,"s":500,"c":[14,12,41],"t":1604005442303,"z":1}]
1604005442347368000 || [{"ev":"T","sym":"SPY","i":"52983575885894","x":11,"p":327.45,"s":100,"c":[14,12,41],"t":1604005442303,"z":1},{"ev":"T","sym":"SPY","i":"52983575885895","x":11,"p":327.45,"s":1600,"c":[14,12,41],"t":1604005442303,"z":1},{"ev":"T","sym":"SPY","i":"52983527207520","x":19,"p":327.45,"s":166,"c":[14,12,41],"t":1604005442303,"z":1}]
1604005443629830000 || [{"ev":"T","sym":"SPY","i":"71692756599121","x":4,"p":327.45,"s":25,"c":[12,37],"t":1604005443518,"z":1}]
1604005443633577000 || [{"ev":"T","sym":"SPY","i":"52983575885896","x":11,"p":327.45,"s":25,"c":[12,37],"t":1604005443551,"z":1}]
1604005443768487000 || [{"ev":"T","sym":"SPY","i":"52983575885897","x":11,"p":327.45,"s":25,"c":[12,37],"t":1604005443735,"z":1}]
1604005443931681000 || [{"ev":"T","sym":"SPY","i":"52983575885898","x":11,"p":327.45,"s":25,"c":[12,37],"t":1604005443880,"z":1}]
1604005445387499000 || [{"ev":"T","sym":"SPY","i":"52983575885899","x":11,"p":327.45,"s":25,"c":[12,37],"t":1604005445351,"z":1},{"ev":"T","sym":"SPY","i":"52983575885900","x":11,"p":327.45,"s":75,"c":[12,37],"t":1604005445351,"z":1}]
1604005447433453000 || [{"ev":"T","sym":"SPY","i":"52983575885901","x":11,"p":327.44,"s":100,"c":[14,12,41],"t":1604005447398,"z":1},{"ev":"T","sym":"SPY","i":"52983527207521","x":19,"p":327.44,"s":200,"c":[14,12,41],"t":1604005447398,"z":1}]
1604005447439103000 || [{"ev":"T","sym":"SPY","i":"62880037886535","x":12,"p":327.44,"s":100,"c":[14,12,41],"t":1604005447398,"z":1}]
1604005447471474000 || [{"ev":"T","sym":"SPY","i":"52983527207522","x":19,"p":327.44,"s":100,"c":[14,12,41],"t":1604005447435,"z":1}]
1604005447492152000 || [{"ev":"T","sym":"SPY","i":"52983527207523","x":19,"p":327.44,"s":100,"c":[14,12,41],"t":1604005447451,"z":1}]
1604005447502795000 || [{"ev":"T","sym":"SPY","i":"52983527207524","x":19,"p":327.44,"s":100,"c":[14,12,41],"t":1604005447467,"z":1}]
1604005449559859000 || [{"ev":"T","sym":"SPY","i":"52983575885902","x":11,"p":327.44,"s":100,"c":[14,12,41],"t":1604005449331,"z":1}]
1604005449758388000 || [{"ev":"T","sym":"SPY","i":"52983527007096","x":8,"p":327.45,"s":1,"c":[12,37,41],"t":1604005449723,"z":1}]
1604005449919103000 || [{"ev":"T","sym":"SPY","i":"52983575885903","x":11,"p":327.42,"s":8,"c":[12,37],"t":1604005449885,"z":1}]
1604005455662516000 || [{"ev":"T","sym":"SPY","i":"71692756599622","x":4,"p":327.45,"s":5,"c":[12,37],"t":1604005455499,"z":1}]
1604005457331259000 || [{"ev":"T","sym":"SPY","i":"52983575885905","x":11,"p":327.45,"s":25,"c":[12,37],"t":1604005457281,"z":1}]
1604005457333579000 || [{"ev":"T","sym":"SPY","i":"52983575885906","x":11,"p":327.45,"s":75,"c":[12,37],"t":1604005457281,"z":1}]
1604005465159146000 || [{"ev":"T","sym":"SPY","i":"52983575885907","x":11,"p":327.45,"s":25,"c":[14,12,37,41],"t":1604005465124,"z":1}]
1604005465167078000 || [{"ev":"T","sym":"SPY","i":"52983575885908","x":11,"p":327.45,"s":100,"c":[14,12,41],"t":1604005465124,"z":1},{"ev":"T","sym":"SPY","i":"52983575885909","x":11,"p":327.45,"s":375,"c":[14,12,41],"t":1604005465124,"z":1}]
1604005465540226000 || [{"ev":"T","sym":"SPY","i":"52983527007097","x":8,"p":327.45,"s":10,"c":[12,37,41],"t":1604005465449,"z":1}]
1604005470557380000 || [{"ev":"T","sym":"SPY","i":"52983575885910","x":11,"p":327.42,"s":7,"c":[12,37],"t":1604005470304,"z":1}]
1604005474045405000 || [{"ev":"T","sym":"GLD","i":"79376151170642","x":4,"p":175.16,"s":1,"c":[12,37],"t":1604005473977,"z":1}]
1604005476450661000 || [{"ev":"T","sym":"SPY","i":"71692756600130","x":4,"p":327.42,"s":1000,"c":[12],"t":1604005476415,"z":1}]
1604005481200936000 || [{"ev":"T","sym":"SPY","i":"52983575886128","x":11,"p":327.42,"s":3,"c":[12,37],"t":1604005481116,"z":1}]
1604005482949325000 || [{"ev":"T","sym":"SPY","i":"52983575886129","x":11,"p":327.45,"s":30,"c":[12,37],"t":1604005482676,"z":1}]
1604005492187204000 || [{"ev":"T","sym":"SPY","i":"52983575886130","x":11,"p":327.45,"s":70,"c":[14,12,37,41],"t":1604005492152,"z":1}]
1604005492197946000 || [{"ev":"T","sym":"SPY","i":"52983575886131","x":11,"p":327.45,"s":430,"c":[14,12,41],"t":1604005492152,"z":1}]
1604005494327838000 || [{"ev":"T","sym":"SPY","i":"52983575886132","x":11,"p":327.45,"s":70,"c":[12,37],"t":1604005494224,"z":1},{"ev":"T","sym":"SPY","i":"52983575886133","x":11,"p":327.45,"s":30,"c":[12,37],"t":1604005494224,"z":1}]
1604005495646045000 || [{"ev":"T","sym":"SPY","i":"52983527007098","x":8,"p":327.45,"s":3,"c":[14,12,37,41],"t":1604005495605,"z":1}]
1604005495649355000 || [{"ev":"T","sym":"SPY","i":"52983575886134","x":11,"p":327.45,"s":70,"c":[14,12,37,41],"t":1604005495605,"z":1},{"ev":"T","sym":"SPY","i":"52983575886135","x":11,"p":327.45,"s":27,"c":[14,12,37,41],"t":1604005495605,"z":1}]
1604005496975590000 || [{"ev":"T","sym":"SPY","i":"79376151170899","x":4,"p":327.45,"s":50,"c":[12,37],"t":1604005496881,"z":1}]
1604005500208975000 || [{"ev":"T","sym":"GLD","i":"52983543123270","x":11,"p":175.16,"s":5,"c":[12,37],"t":1604005500174,"z":1}]
1604005500407269000 || [{"ev":"T","sym":"SPY","i":"52983575886136","x":11,"p":327.45,"s":9,"c":[12,37],"t":1604005500362,"z":1}]
1604005502067387000 || [{"ev":"T","sym":"SPY","i":"62880037888598","x":12,"p":327.43,"s":113,"c":[12],"t":1604005501956,"z":1}]
1604005502079157000 || [{"ev":"T","sym":"SPY","i":"52983527207528","x":19,"p":327.42,"s":487,"c":[12,41],"t":1604005501956,"z":1},{"ev":"T","sym":"SPY","i":"52983575886137","x":11,"p":327.43,"s":70,"c":[12,37],"t":1604005501956,"z":1},{"ev":"T","sym":"SPY","i":"52983575886145","x":11,"p":327.42,"s":103,"c":[12],"t":1604005501956,"z":1},{"ev":"T","sym":"SPY","i":"52983575886146","x":11,"p":327.42,"s":1,"c":[12,37],"t":1604005501956,"z":1},{"ev":"T","sym":"SPY","i":"52983575886147","x":11,"p":327.42,"s":1,"c":[12,37],"t":1604005501956,"z":1},{"ev":"T","sym":"SPY","i":"52983575886148","x":11,"p":327.42,"s":25,"c":[12,37],"t":1604005501956,"z":1},{"ev":"T","sym":"SPY","i":"52983575886149","x":11,"p":327.42,"s":75,"c":[12,37],"t":1604005501958,"z":1},{"ev":"T","sym":"SPY","i":"62880037888599","x":12,"p":327.43,"s":125,"c":[12],"t":1604005501959,"z":1}]
1604005506333540000 || [{"ev":"T","sym":"SPY","i":"62880037888859","x":12,"p":327.43,"s":10,"c":[12,37],"t":1604005506205,"z":1}]
1604005507840026000 || [{"ev":"T","sym":"SPY","i":"62880037888876","x":12,"p":327.43,"s":2,"c":[12,37],"t":1604005507740,"z":1}]
1604005513342080000 || [{"ev":"T","sym":"SPY","i":"52983575886150","x":11,"p":327.43,"s":2,"c":[12,37],"t":1604005513300,"z":1}]
1604005515303312000 || [{"ev":"T","sym":"SPY","i":"71692756601156","x":4,"p":327.44,"s":7,"c":[12,37],"t":1604005515166,"z":1}]
1604005516374349000 || [{"ev":"T","sym":"SPY","i":"62880037889607","x":12,"p":327.43,"s":1,"c":[12,37],"t":1604005516331,"z":1}]
1604005518271446000 || [{"ev":"T","sym":"SPY","i":"52983575886151","x":11,"p":327.43,"s":1,"c":[12,37],"t":1604005518108,"z":1}]
1604005525299327000 || [{"ev":"T","sym":"SPY","i":"79376151171159","x":4,"p":327.44,"s":2,"c":[12,37],"t":1604005525189,"z":1}]
1604005527083753000 || [{"ev":"T","sym":"SPY","i":"52983575886152","x":11,"p":327.43,"s":4,"c":[12,37],"t":1604005527011,"z":1}]
1604005527085400000 || [{"ev":"T","sym":"SPY","i":"52983527007281","x":8,"p":327.44,"s":30,"c":[14,12,37,41],"t":1604005527011,"z":1},{"ev":"T","sym":"SPY","i":"52983527207529","x":19,"p":327.44,"s":166,"c":[14,12,41],"t":1604005527011,"z":1}]
1604005528033223000 || [{"ev":"T","sym":"SPY","i":"62880037890099","x":12,"p":327.42,"s":1,"c":[12,37],"t":1604005527941,"z":1}]
1604005528715119000 || [{"ev":"T","sym":"SPY","i":"71692756601417","x":4,"p":327.4398,"s":3,"c":[12,37],"t":1604005528363,"z":1}]
1604005528862471000 || [{"ev":"T","sym":"SPY","i":"71692756601419","x":4,"p":327.42,"s":25,"c":[12,37],"t":1604005528822,"z":1}]
1604005530765222000 || [{"ev":"T","sym":"SPY","i":"52983527007282","x":8,"p":327.44,"s":137,"c":[14,12,41],"t":1604005530615,"z":1},{"ev":"T","sym":"SPY","i":"62880037890141","x":12,"p":327.44,"s":63,"c":[14,12,37,41],"t":1604005530615,"z":1},{"ev":"T","sym":"SPY","i":"62880037890142","x":12,"p":327.44,"s":5,"c":[12,37],"t":1604005530616,"z":1}]
1604005533469136000 || [{"ev":"T","sym":"SPY","i":"52983575886153","x":11,"p":327.43,"s":125,"c":[14,12,41],"t":1604005533435,"z":1}]
1604005533476137000 || [{"ev":"T","sym":"SPY","i":"62880037890405","x":12,"p":327.44,"s":99,"c":[14,12,37,41],"t":1604005533435,"z":1},{"ev":"T","sym":"SPY","i":"62880037890406","x":12,"p":327.44,"s":67,"c":[12,37],"t":1604005533436,"z":1}]
1604005536298572000 || [{"ev":"T","sym":"SPY","i":"52983575886154","x":11,"p":327.45,"s":50,"c":[12,37],"t":1604005536212,"z":1}]
1604005537388838000 || [{"ev":"T","sym":"SPY","i":"52983527007284","x":8,"p":327.44,"s":67,"c":[14,12,37,41],"t":1604005537345,"z":1},{"ev":"T","sym":"SPY","i":"52983527207530","x":19,"p":327.44,"s":66,"c":[14,12,37,41],"t":1604005537345,"z":1}]
1604005537389450000 || [{"ev":"T","sym":"SPY","i":"52983575886155","x":11,"p":327.45,"s":14,"c":[14,12,37,41],"t":1604005537345,"z":1},{"ev":"T","sym":"SPY","i":"52983575886156","x":11,"p":327.45,"s":100,"c":[14,12,41],"t":1604005537345,"z":1}]
1604005537399844000 || [{"ev":"T","sym":"SPY","i":"52983575886157","x":11,"p":327.45,"s":300,"c":[14,12,41],"t":1604005537345,"z":1},{"ev":"T","sym":"SPY","i":"52983575886158","x":11,"p":327.45,"s":100,"c":[14,12,41],"t":1604005537346,"z":1},{"ev":"T","sym":"SPY","i":"52983575886159","x":11,"p":327.45,"s":353,"c":[14,12,41],"t":1604005537346,"z":1}]
1604005537988357000 || [{"ev":"T","sym":"SPY","i":"52983575886160","x":11,"p":327.45,"s":50,"c":[12,37],"t":1604005537947,"z":1}]
1604005540060670000 || [{"ev":"T","sym":"SPY","i":"52983575886161","x":11,"p":327.45,"s":50,"c":[12,37],"t":1604005540020,"z":1},{"ev":"T","sym":"SPY","i":"52983575886162","x":11,"p":327.45,"s":100,"c":[12],"t":1604005540020,"z":1}]
1604005540068746000 || [{"ev":"T","sym":"SPY","i":"52983575886163","x":11,"p":327.45,"s":402,"c":[12],"t":1604005540020,"z":1},{"ev":"T","sym":"SPY","i":"62880037890911","x":12,"p":327.44,"s":34,"c":[14,12,37,41],"t":1604005540021,"z":1},{"ev":"T","sym":"SPY","i":"62880037890912","x":12,"p":327.45,"s":100,"c":[14,12,41],"t":1604005540021,"z":1},{"ev":"T","sym":"SPY","i":"52983575886164","x":11,"p":327.45,"s":100,"c":[14,12,41],"t":1604005540021,"z":1}]
1604005541731301000 || [{"ev":"T","sym":"SPY","i":"52983527007285","x":8,"p":327.44,"s":33,"c":[14,12,37,41],"t":1604005541689,"z":1}]
1604005541739682000 || [{"ev":"T","sym":"SPY","i":"52983527207531","x":19,"p":327.44,"s":33,"c":[14,12,37,41],"t":1604005541689,"z":1}]
1604005541750051000 || [{"ev":"T","sym":"SPY","i":"52983527207532","x":19,"p":327.46,"s":300,"c":[14,12,41],"t":1604005541711,"z":1}]
1604005541773205000 || [{"ev":"T","sym":"SPY","i":"62880037891160","x":12,"p":327.47,"s":134,"c":[12],"t":1604005541724,"z":1}]
1604005541774043000 || [{"ev":"T","sym":"SPY","i":"52983527007286","x":8,"p":327.47,"s":133,"c":[12,41],"t":1604005541724,"z":1},{"ev":"T","sym":"SPY","i":"52983527207533","x":19,"p":327.47,"s":133,"c":[12,41],"t":1604005541724,"z":1},{"ev":"T","sym":"SPY","i":"62880037891161","x":12,"p":327.48,"s":100,"c":[12],"t":1604005541726,"z":1},{"ev":"T","sym":"SPY","i":"62880037891162","x":12,"p":327.49,"s":500,"c":[12],"t":1604005541726,"z":1}]
1604005541982625000 || [{"ev":"T","sym":"SPY","i":"52983527007287","x":8,"p":327.49,"s":8,"c":[12,37,41],"t":1604005541943,"z":1}]
1604005544136523000 || [{"ev":"T","sym":"SPY","i":"52983575886165","x":11,"p":327.45,"s":10,"c":[12,37],"t":1604005544094,"z":1}]
1604005550917057000 || [{"ev":"T","sym":"SPY","i":"52983575886166","x":11,"p":327.48,"s":721,"c":[12],"t":1604005550880,"z":1}]
1604005550930636000 || [{"ev":"T","sym":"SPY","i":"52983575888176","x":11,"p":327.48,"s":279,"c":[12],"t":1604005550881,"z":1}]
1604005554807339000 || [{"ev":"T","sym":"SPY","i":"79376151171412","x":4,"p":327.49,"s":1,"c":[12,37],"t":1604005554776,"z":1}]
1604005558718934000 || [{"ev":"T","sym":"SPY","i":"52983575888177","x":11,"p":327.48,"s":1,"c":[14,12,37,41],"t":1604005558635,"z":1}]
1604005560569295000 || [{"ev":"T","sym":"SPY","i":"71692756601937","x":4,"p":327.49,"s":5,"c":[12,37],"t":1604005560468,"z":1}]
1604005564112326000 || [{"ev":"T","sym":"SPY","i":"52983575888178","x":11,"p":327.48,"s":10,"c":[12,37],"t":1604005564074,"z":1}]
1604005564132198000 || [{"ev":"T","sym":"SPY","i":"52983575888179","x":11,"p":327.48,"s":5,"c":[12,37],"t":1604005564083,"z":1}]
1604005565580569000 || [{"ev":"T","sym":"SPY","i":"52983575888180","x":11,"p":327.48,"s":2,"c":[12,37],"t":1604005565395,"z":1}]
1604005565889510000 || [{"ev":"T","sym":"SPY","i":"52983575888181","x":11,"p":327.48,"s":82,"c":[12,37],"t":1604005565773,"z":1}]
1604005565891153000 || [{"ev":"T","sym":"SPY","i":"52983527207535","x":19,"p":327.48,"s":18,"c":[14,12,37,41],"t":1604005565773,"z":1}]
1604005571102379000 || [{"ev":"T","sym":"SPY","i":"52983575888182","x":11,"p":327.45,"s":2,"c":[12,37],"t":1604005571062,"z":1}]
1604005572345356000 || [{"ev":"T","sym":"SPY","i":"62880037941330","x":12,"p":327.48,"s":1,"c":[12,37],"t":1604005572215,"z":1}]
1604005580843473000 || [{"ev":"T","sym":"SPY","i":"71692756602701","x":4,"p":327.48,"s":10,"c":[12,37],"t":1604005580718,"z":1}]
1604005581617302000 || [{"ev":"T","sym":"SPY","i":"52983527007292","x":8,"p":327.48,"s":13,"c":[12,37,41],"t":1604005581571,"z":1}]
1604005584966131000 || [{"ev":"T","sym":"SPY","i":"52983575888183","x":11,"p":327.46,"s":5,"c":[12,37],"t":1604005584927,"z":1},{"ev":"T","sym":"SPY","i":"52983575888184","x":11,"p":327.45,"s":95,"c":[12,37],"t":1604005584927,"z":1}]
1604005585384013000 || [{"ev":"T","sym":"SPY","i":"71692756602714","x":4,"p":327.48,"s":1,"c":[12,37],"t":1604005585341,"z":1}]
1604005585458302000 || [{"ev":"T","sym":"SPY","i":"79376151171652","x":4,"p":327.48,"s":1000,"c":[12],"t":1604005585417,"z":1}]
1604005594663357000 || [{"ev":"T","sym":"SPY","i":"52983527007294","x":8,"p":327.48,"s":64,"c":[12,37,41],"t":1604005594493,"z":1}]
1604005594664461000 || [{"ev":"T","sym":"SPY","i":"71692756602964","x":4,"p":327.4799,"s":36,"c":[12,37],"t":1604005594495,"z":1}]
1604005596418734000 || [{"ev":"T","sym":"SPY","i":"52983527207536","x":19,"p":327.48,"s":148,"c":[14,12,41],"t":1604005596373,"z":1}]
1604005596421756000 || [{"ev":"T","sym":"SPY","i":"62880037942113","x":12,"p":327.48,"s":166,"c":[14,12,41],"t":1604005596373,"z":1}]
1604005609924383000 || [{"ev":"T","sym":"SPY","i":"52983575888185","x":11,"p":327.48,"s":10,"c":[12,37],"t":1604005609838,"z":1}]
1604005624051717000 || [{"ev":"T","sym":"SPY","i":"52983527007295","x":8,"p":327.48,"s":90,"c":[14,12,37,41],"t":1604005623930,"z":1},{"ev":"T","sym":"SPY","i":"62880037944167","x":12,"p":327.49,"s":100,"c":[14,12,41],"t":1604005623930,"z":1}]
1604005631883743000 || [{"ev":"T","sym":"GLD","i":"79376151171919","x":4,"p":175.16,"s":11,"c":[12,37],"t":1604005631841,"z":1}]
1604005631887860000 || [{"ev":"T","sym":"GLD","i":"79376151171920","x":4,"p":175.1,"s":30,"c":[12,37],"t":1604005631842,"z":1}]
1604005632263776000 || [{"ev":"T","sym":"SPY","i":"62880037944431","x":12,"p":327.49,"s":7,"c":[12,37],"t":1604005632225,"z":1}]
1604005634047661000 || [{"ev":"T","sym":"SPY","i":"52983575888193","x":11,"p":327.49,"s":500,"c":[14,12,41],"t":1604005633988,"z":1},{"ev":"T","sym":"SPY","i":"52983575888194","x":11,"p":327.48,"s":7,"c":[12,37],"t":1604005633988,"z":1},{"ev":"T","sym":"SPY","i":"52983575888195","x":11,"p":327.48,"s":69,"c":[14,12,37,41],"t":1604005633989,"z":1},{"ev":"T","sym":"SPY","i":"52983575888196","x":11,"p":327.45,"s":800,"c":[14,12,41],"t":1604005633989,"z":1},{"ev":"T","sym":"SPY","i":"52983575888197","x":11,"p":327.45,"s":500,"c":[14,12,41],"t":1604005633990,"z":1},{"ev":"T","sym":"SPY","i":"52983575888198","x":11,"p":327.45,"s":8,"c":[12,37],"t":1604005633990,"z":1},{"ev":"T","sym":"SPY","i":"52983575888199","x":11,"p":327.45,"s":7,"c":[12,37],"t":1604005633990,"z":1},{"ev":"T","sym":"SPY","i":"52983575888200","x":11,"p":327.45,"s":292,"c":[14,12,41],"t":1604005633991,"z":1},{"ev":"T","sym":"SPY","i":"52983575888201","x":11,"p":327.42,"s":1,"c":[14,12,37,41],"t":1604005633991,"z":1},{"ev":"T","sym":"SPY","i":"52983575888202","x":11,"p":327.41,"s":100,"c":[14,12,41],"t":1604005633991,"z":1},{"ev":"T","sym":"SPY","i":"52983575888203","x":11,"p":327.41,"s":100,"c":[14,12,41],"t":1604005633991,"z":1},{"ev":"T","sym":"SPY","i":"52983575888204","x":11,"p":327.4,"s":253,"c":[14,12,41],"t":1604005633991,"z":1}]
1604005634049142000 || [{"ev":"T","sym":"SPY","i":"52983575888205","x":11,"p":327.4,"s":62,"c":[14,12,37,41],"t":1604005633991,"z":1},{"ev":"T","sym":"SPY","i":"52983575888206","x":11,"p":327.4,"s":7,"c":[14,12,37,41],"t":1604005633992,"z":1},{"ev":"T","sym":"SPY","i":"52983575888207","x":11,"p":327.4,"s":2,"c":[14,12,37,41],"t":1604005633992,"z":1},{"ev":"T","sym":"SPY","i":"52983575888208","x":11,"p":327.4,"s":100,"c":[14,12,41],"t":1604005633992,"z":1},{"ev":"T","sym":"SPY","i":"52983575888209","x":11,"p":327.4,"s":10,"c":[14,12,37,41],"t":1604005633992,"z":1},{"ev":"T","sym":"SPY","i":"52983575888210","x":11,"p":327.4,"s":281,"c":[14,12,41],"t":1604005633992,"z":1}]
1604005634050793000 || [{"ev":"T","sym":"SPY","i":"52983575888211","x":11,"p":327.4,"s":8,"c":[12,37],"t":1604005633996,"z":1}]
1604005634091898000 || [{"ev":"T","sym":"SPY","i":"52983575888212","x":11,"p":327.4,"s":7,"c":[12,37],"t":1604005633996,"z":1}]
1604005635115492000 || [{"ev":"T","sym":"GLD","i":"71692756603987","x":4,"p":175.1,"s":159,"c":[12],"t":1604005635070,"z":1}]
1604005637064231000 || [{"ev":"T","sym":"GLD","i":"71692756604208","x":4,"p":175.27,"s":1,"c":[12,37],"t":1604005636810,"z":1}]
1604005640468487000 || [{"ev":"T","sym":"GLD","i":"71692756604226","x":4,"p":175.1,"s":50,"c":[12,37],"t":1604005640432,"z":1}]
1604005641152745000 || [{"ev":"T","sym":"SPY","i":"52983527007301","x":8,"p":327.48,"s":5,"c":[14,12,37,41],"t":1604005641048,"z":1}]
1604005641220655000 || [{"ev":"T","sym":"SPY","i":"52983527007302","x":8,"p":327.48,"s":5,"c":[14,12,37,41],"t":1604005641180,"z":1}]
1604005641564044000 || [{"ev":"T","sym":"SPY","i":"52983527007303","x":8,"p":327.48,"s":5,"c":[14,12,37,41],"t":1604005641478,"z":1}]
1604005641621409000 || [{"ev":"T","sym":"SPY","i":"52983527007304","x":8,"p":327.48,"s":5,"c":[14,12,37,41],"t":1604005641585,"z":1}]
1604005641992110000 || [{"ev":"T","sym":"SPY","i":"52983527007305","x":8,"p":327.48,"s":5,"c":[14,12,37,41],"t":1604005641950,"z":1}]
1604005642026538000 || [{"ev":"T","sym":"SPY","i":"52983527007306","x":8,"p":327.48,"s":5,"c":[14,12,37,41],"t":1604005641985,"z":1}]
1604005642330428000 || [{"ev":"T","sym":"SPY","i":"52983527007307","x":8,"p":327.48,"s":5,"c":[14,12,37,41],"t":1604005642289,"z":1}]
1604005642455099000 || [{"ev":"T","sym":"SPY","i":"52983527007308","x":8,"p":327.48,"s":5,"c":[14,12,37,41],"t":1604005642391,"z":1}]
1604005642763493000 || [{"ev":"T","sym":"SPY","i":"52983527007309","x":8,"p":327.48,"s":5,"c":[14,12,37,41],"t":1604005642679,"z":1}]
1604005642844588000 || [{"ev":"T","sym":"SPY","i":"52983527007310","x":8,"p":327.48,"s":5,"c":[14,12,37,41],"t":1604005642807,"z":1}]
1604005643199821000 || [{"ev":"T","sym":"SPY","i":"52983527007311","x":8,"p":327.48,"s":5,"c":[14,12,37,41],"t":1604005643064,"z":1}]
1604005648485318000 || [{"ev":"T","sym":"SPY","i":"52983575888213","x":11,"p":327.43,"s":1,"c":[12,37],"t":1604005648445,"z":1}]
1604005649041183000 || [{"ev":"T","sym":"SPY","i":"71692756604470","x":4,"p":327.48,"s":5,"c":[12,37],"t":1604005648582,"z":1}]
1604005653263407000 || [{"ev":"T","sym":"SPY","i":"52983575888214","x":11,"p":327.4,"s":2,"c":[12,37],"t":1604005653219,"z":1}]
1604005653266375000 || [{"ev":"T","sym":"SPY","i":"52983575888432","x":11,"p":327.37,"s":198,"c":[12],"t":1604005653219,"z":1}]
1604005657189076000 || [{"ev":"T","sym":"SPY","i":"52983575888433","x":11,"p":327.42,"s":9,"c":[12,37],"t":1604005657150,"z":1}]
1604005657198965000 || [{"ev":"T","sym":"SPY","i":"52983575888434","x":11,"p":327.42,"s":10,"c":[12,37],"t":1604005657150,"z":1}]
1604005657201342000 || [{"ev":"T","sym":"SPY","i":"52983575888435","x":11,"p":327.42,"s":10,"c":[12,37],"t":1604005657150,"z":1},{"ev":"T","sym":"SPY","i":"52983575888436","x":11,"p":327.42,"s":10,"c":[12,37],"t":1604005657150,"z":1},{"ev":"T","sym":"SPY","i":"52983575888437","x":11,"p":327.42,"s":9,"c":[12,37],"t":1604005657150,"z":1},{"ev":"T","sym":"SPY","i":"52983575888438","x":11,"p":327.42,"s":8,"c":[12,37],"t":1604005657150,"z":1},{"ev":"T","sym":"SPY","i":"52983575888439","x":11,"p":327.42,"s":9,"c":[12,37],"t":1604005657150,"z":1},{"ev":"T","sym":"SPY","i":"52983575888440","x":11,"p":327.42,"s":8,"c":[12,37],"t":1604005657150,"z":1},{"ev":"T","sym":"SPY","i":"52983575888441","x":11,"p":327.42,"s":8,"c":[12,37],"t":1604005657150,"z":1},{"ev":"T","sym":"SPY","i":"52983575888449","x":11,"p":327.42,"s":8,"c":[12,37],"t":1604005657150,"z":1},{"ev":"T","sym":"SPY","i":"52983575888450","x":11,"p":327.42,"s":7,"c":[12,37],"t":1604005657150,"z":1},{"ev":"T","sym":"SPY","i":"52983575888451","x":11,"p":327.42,"s":8,"c":[12,37],"t":1604005657150,"z":1}]
1604005657229815000 || [{"ev":"T","sym":"SPY","i":"71692756604505","x":4,"p":327.44,"s":178,"c":[12],"t":1604005657156,"z":1},{"ev":"T","sym":"SPY","i":"71692756604506","x":4,"p":327.44,"s":18,"c":[12,37],"t":1604005657159,"z":1}]
1604005657729262000 || [{"ev":"T","sym":"SPY","i":"52983575888452","x":11,"p":327.37,"s":200,"c":[12],"t":1604005657684,"z":1}]
1604005657741028000 || [{"ev":"T","sym":"SPY","i":"52983575888453","x":11,"p":327.37,"s":110,"c":[14,12,41],"t":1604005657703,"z":1}]
1604005661022653000 || [{"ev":"T","sym":"SPY","i":"52983575888454","x":11,"p":327.37,"s":18,"c":[12,37],"t":1604005660954,"z":1}]
1604005661221861000 || [{"ev":"T","sym":"SPY","i":"52983527007312","x":8,"p":327.44,"s":100,"c":[14,12,41],"t":1604005661182,"z":1}]
1604005661237665000 || [{"ev":"T","sym":"SPY","i":"52983527007313","x":8,"p":327.44,"s":67,"c":[14,12,37,41],"t":1604005661197,"z":1}]
1604005661252664000 || [{"ev":"T","sym":"SPY","i":"52983527207542","x":19,"p":327.44,"s":100,"c":[14,12,41],"t":1604005661215,"z":1}]
1604005662674248000 || [{"ev":"T","sym":"SPY","i":"52983575888455","x":11,"p":327.37,"s":1,"c":[12,37],"t":1604005662633,"z":1}]
1604005665626771000 || [{"ev":"T","sym":"SPY","i":"62880037947725","x":12,"p":327.44,"s":1,"c":[12,37],"t":1604005665506,"z":1}]
1604005666862806000 || [{"ev":"T","sym":"SPY","i":"52983575888456","x":11,"p":327.37,"s":35,"c":[12,37],"t":1604005666599,"z":1}]
1604005666864046000 || [{"ev":"T","sym":"SPY","i":"52983575888457","x":11,"p":327.37,"s":15,"c":[12,37],"t":1604005666648,"z":1}]
1604005669109594000 || [{"ev":"T","sym":"SPY","i":"52983575888458","x":11,"p":327.37,"s":34,"c":[12,37],"t":1604005669015,"z":1}]
1604005669154194000 || [{"ev":"T","sym":"SPY","i":"52983575888459","x":11,"p":327.37,"s":1,"c":[12,37],"t":1604005669116,"z":1}]
1604005679825725000 || [{"ev":"T","sym":"SPY","i":"52983575888460","x":11,"p":327.37,"s":14,"c":[12,37],"t":1604005679786,"z":1}]
1604005679834555000 || [{"ev":"T","sym":"SPY","i":"52983575888461","x":11,"p":327.37,"s":59,"c":[12,37],"t":1604005679786,"z":1}]
1604005693696624000 || [{"ev":"T","sym":"SPY","i":"62880037948776","x":12,"p":327.39,"s":106,"c":[14,12,41],"t":1604005693581,"z":1},{"ev":"T","sym":"SPY","i":"62880037948777","x":12,"p":327.36,"s":100,"c":[14,12,41],"t":1604005693581,"z":1},{"ev":"T","sym":"SPY","i":"62880037948778","x":12,"p":327.36,"s":94,"c":[14,12,37,41],"t":1604005693581,"z":1}]
1604005698403390000 || [{"ev":"T","sym":"SPY","i":"79376151172400","x":4,"p":327.44,"s":2,"c":[12,37],"t":1604005698300,"z":1}]
1604005699166265000 || [{"ev":"T","sym":"SPY","i":"52983575888462","x":11,"p":327.4,"s":1,"c":[12,37],"t":1604005698961,"z":1}]
1604005700461974000 || [{"ev":"T","sym":"SPY","i":"62880037949029","x":12,"p":327.39,"s":55,"c":[14,12,37,41],"t":1604005700423,"z":1}]
1604005700467905000 || [{"ev":"T","sym":"SPY","i":"62880037949030","x":12,"p":327.39,"s":45,"c":[14,12,37,41],"t":1604005700423,"z":1}]
1604005701422790000 || [{"ev":"T","sym":"SPY","i":"62880037949234","x":12,"p":327.39,"s":55,"c":[12,37],"t":1604005701382,"z":1}]
1604005701426066000 || [{"ev":"T","sym":"SPY","i":"52983575888463","x":11,"p":327.39,"s":25,"c":[12,37],"t":1604005701382,"z":1}]
1604005704824549000 || [{"ev":"T","sym":"SPY","i":"52983575888464","x":11,"p":327.37,"s":92,"c":[12,37],"t":1604005704784,"z":1}]
1604005705666050000 || [{"ev":"T","sym":"SPY","i":"52983575888465","x":11,"p":327.37,"s":244,"c":[14,12,41],"t":1604005705589,"z":1}]
1604005705669405000 || [{"ev":"T","sym":"SPY","i":"52983575888466","x":11,"p":327.37,"s":156,"c":[14,12,41],"t":1604005705631,"z":1}]
1604005706417544000 || [{"ev":"T","sym":"SPY","i":"52983575888467","x":11,"p":327.37,"s":74,"c":[12,37],"t":1604005706376,"z":1}]
1604005706797326000 || [{"ev":"T","sym":"SPY","i":"52983575888468","x":11,"p":327.37,"s":244,"c":[14,12,41],"t":1604005706587,"z":1}]
1604005706798792000 || [{"ev":"T","sym":"SPY","i":"52983575888469","x":11,"p":327.37,"s":156,"c":[14,12,41],"t":1604005706611,"z":1}]
1604005707816771000 || [{"ev":"T","sym":"SPY","i":"62880037949523","x":12,"p":327.39,"s":27,"c":[12,37],"t":1604005707667,"z":1}]
1604005713254778000 || [{"ev":"T","sym":"SPY","i":"52983575888470","x":11,"p":327.4,"s":5,"c":[12,37],"t":1604005713139,"z":1},{"ev":"T","sym":"SPY","i":"52983575888688","x":11,"p":327.4,"s":45,"c":[12,37],"t":1604005713139,"z":1}]
1604005714322453000 || [{"ev":"T","sym":"SPY","i":"52983575888689","x":11,"p":327.4,"s":5,"c":[12,37],"t":1604005714285,"z":1}]
1604005717136096000 || [{"ev":"T","sym":"SPY","i":"52983575888690","x":11,"p":327.39,"s":1,"c":[12,37],"t":1604005716931,"z":1}]
1604005717137542000 || [{"ev":"T","sym":"SPY","i":"52983575888691","x":11,"p":327.37,"s":6,"c":[12,37],"t":1604005716931,"z":1}]
1604005717748415000 || [{"ev":"T","sym":"SPY","i":"52983575888692","x":11,"p":327.37,"s":3,"c":[12,37],"t":1604005717702,"z":1}]
1604005723124713000 || [{"ev":"T","sym":"SPY","i":"62880037950059","x":12,"p":327.44,"s":7,"c":[12,37],"t":1604005723081,"z":1}]
1604005725739160000 || [{"ev":"T","sym":"SPY","i":"52983575888693","x":11,"p":327.37,"s":4,"c":[12,37],"t":1604005725606,"z":1}]
1604005725740493000 || [{"ev":"T","sym":"SPY","i":"52983575888694","x":11,"p":327.37,"s":37,"c":[12,37],"t":1604005725645,"z":1}]
1604005729879700000 || [{"ev":"T","sym":"SPY","i":"62880037950524","x":12,"p":327.44,"s":8,"c":[12,37],"t":1604005729840,"z":1}]
1604005733176988000 || [{"ev":"T","sym":"SPY","i":"52983575888695","x":11,"p":327.37,"s":156,"c":[12],"t":1604005733136,"z":1}]
1604005733181563000 || [{"ev":"T","sym":"SPY","i":"52983575888696","x":11,"p":327.37,"s":449,"c":[12],"t":1604005733136,"z":1}]
1604005733188926000 || [{"ev":"T","sym":"SPY","i":"52983575888697","x":11,"p":327.37,"s":9,"c":[12,37],"t":1604005733140,"z":1},{"ev":"T","sym":"SPY","i":"52983575888705","x":11,"p":327.37,"s":48,"c":[14,12,37,41],"t":1604005733140,"z":1}]
1604005733225047000 || [{"ev":"T","sym":"SPY","i":"52983575888706","x":11,"p":327.37,"s":9,"c":[12,37],"t":1604005733144,"z":1},{"ev":"T","sym":"SPY","i":"52983575888707","x":11,"p":327.37,"s":9,"c":[12,37],"t":1604005733147,"z":1}]
1604005733225891000 || [{"ev":"T","sym":"SPY","i":"52983575888708","x":11,"p":327.37,"s":8,"c":[12,37],"t":1604005733151,"z":1},{"ev":"T","sym":"SPY","i":"52983575888709","x":11,"p":327.37,"s":8,"c":[12,37],"t":1604005733154,"z":1}]
1604005733227206000 || [{"ev":"T","sym":"SPY","i":"52983575888710","x":11,"p":327.37,"s":9,"c":[12,37],"t":1604005733158,"z":1}]
1604005736609396000 || [{"ev":"T","sym":"SPY","i":"52983575888711","x":11,"p":327.37,"s":1,"c":[12,37],"t":1604005736353,"z":1}]
1604005737312811000 || [{"ev":"T","sym":"SPY","i":"52983575888712","x":11,"p":327.37,"s":8,"c":[12,37],"t":1604005737161,"z":1}]
1604005737314906000 || [{"ev":"T","sym":"SPY","i":"52983575888713","x":11,"p":327.37,"s":7,"c":[12,37],"t":1604005737163,"z":1},{"ev":"T","sym":"SPY","i":"52983575888714","x":11,"p":327.37,"s":7,"c":[12,37],"t":1604005737163,"z":1}]
1604005747323589000 || [{"ev":"T","sym":"SPY","i":"52983575888715","x":11,"p":327.36,"s":15,"c":[12,37],"t":1604005747280,"z":1}]
1604005753528972000 || [{"ev":"T","sym":"SPY","i":"52983575888716","x":11,"p":327.37,"s":1,"c":[12,37],"t":1604005753480,"z":1}]
1604005754213735000 || [{"ev":"T","sym":"SPY","i":"52983575888717","x":11,"p":327.37,"s":1,"c":[12,37],"t":1604005753913,"z":1}]
1604005756662348000 || [{"ev":"T","sym":"SPY","i":"62880037951832","x":12,"p":327.4,"s":167,"c":[12],"t":1604005756563,"z":1}]
1604005756884005000 || [{"ev":"T","sym":"SPY","i":"52983575888718","x":11,"p":327.37,"s":9,"c":[12,37],"t":1604005756754,"z":1}]
1604005756885540000 || [{"ev":"T","sym":"SPY","i":"71692756661079","x":4,"p":327.3698,"s":91,"c":[12,37],"t":1604005756754,"z":1}]
1604005761159843000 || [{"ev":"T","sym":"SPY","i":"71692756661302","x":4,"p":327.37,"s":2,"c":[12,37],"t":1604005761105,"z":1}]
1604005763544088000 || [{"ev":"T","sym":"SPY","i":"52983575888719","x":11,"p":327.36,"s":54,"c":[12,37],"t":1604005763502,"z":1},{"ev":"T","sym":"SPY","i":"52983575888720","x":11,"p":327.36,"s":46,"c":[12,37],"t":1604005763502,"z":1}]
1604005765164734000 || [{"ev":"T","sym":"SPY","i":"79376151172697","x":4,"p":327.36,"s":10,"c":[12,37],"t":1604005765098,"z":1}]
1604005768654152000 || [{"ev":"T","sym":"SPY","i":"52983575888721","x":11,"p":327.36,"s":44,"c":[12,37],"t":1604005768541,"z":1},{"ev":"T","sym":"SPY","i":"52983575888722","x":11,"p":327.36,"s":56,"c":[12,37],"t":1604005768541,"z":1}]
1604005770695811000 || [{"ev":"T","sym":"SPY","i":"52983575888723","x":11,"p":327.36,"s":3,"c":[12,37],"t":1604005770587,"z":1}]
1604005770875542000 || [{"ev":"T","sym":"GLD","i":"52983543123276","x":11,"p":175.27,"s":15,"c":[12,37],"t":1604005770831,"z":1}]
1604005770884068000 || [{"ev":"T","sym":"GLD","i":"62880037952337","x":12,"p":175.27,"s":85,"c":[12,37],"t":1604005770831,"z":1}]
1604005779713051000 || [{"ev":"T","sym":"SPY","i":"52983575888724","x":11,"p":327.37,"s":2,"c":[12,37],"t":1604005779672,"z":1}]
1604005781546098000 || [{"ev":"T","sym":"SPY","i":"52983575888725","x":11,"p":327.36,"s":25,"c":[12,37],"t":1604005781468,"z":1}]
1604005781570140000 || [{"ev":"T","sym":"SPY","i":"52983575888726","x":11,"p":327.37,"s":200,"c":[14,12,41],"t":1604005781527,"z":1}]
1604005781577849000 || [{"ev":"T","sym":"SPY","i":"52983527007323","x":8,"p":327.37,"s":100,"c":[14,12,41],"t":1604005781528,"z":1}]
1604005783338267000 || [{"ev":"T","sym":"SPY","i":"52983575888944","x":11,"p":327.37,"s":1000,"c":[14,12,41],"t":1604005783283,"z":1}]
1604005786771954000 || [{"ev":"T","sym":"SPY","i":"52983575888945","x":11,"p":327.37,"s":1000,"c":[14,12,41],"t":1604005786652,"z":1}]
1604005792456710000 || [{"ev":"T","sym":"SPY","i":"79376151172944","x":4,"p":327.36,"s":40,"c":[12,37],"t":1604005792406,"z":1}]
1604005793628099000 || [{"ev":"T","sym":"SPY","i":"52983527007324","x":8,"p":327.37,"s":6,"c":[12,37,41],"t":1604005793513,"z":1}]
1604005793629138000 || [{"ev":"T","sym":"SPY","i":"52983527007325","x":8,"p":327.37,"s":9,"c":[12,37,41],"t":1604005793518,"z":1}]
1604005797212392000 || [{"ev":"T","sym":"SPY","i":"52983575888946","x":11,"p":327.36,"s":2,"c":[12,37],"t":1604005796990,"z":1}]
1604005797213493000 || [{"ev":"T","sym":"SPY","i":"52983575888947","x":11,"p":327.36,"s":1,"c":[12,37],"t":1604005796995,"z":1}]
1604005799065492000 || [{"ev":"T","sym":"SPY","i":"52983575888948","x":11,"p":327.36,"s":3,"c":[12,37],"t":1604005798895,"z":1}]
1604005799066433000 || [{"ev":"T","sym":"SPY","i":"52983575888949","x":11,"p":327.36,"s":20,"c":[12,37],"t":1604005798895,"z":1},{"ev":"T","sym":"SPY","i":"52983575888950","x":11,"p":327.36,"s":100,"c":[12],"t":1604005798895,"z":1},{"ev":"T","sym":"SPY","i":"62880037953593","x":12,"p":327.4,"s":177,"c":[12],"t":1604005798895,"z":1}]
1604005812879592000 || [{"ev":"T","sym":"SPY","i":"79376151173172","x":4,"p":327.37,"s":200,"c":[12],"t":1604005812769,"z":1}]
1604005812880929000 || [{"ev":"T","sym":"SPY","i":"62880037954102","x":12,"p":327.4,"s":2,"c":[12,37],"t":1604005812834,"z":1}]
1604005813013490000 || [{"ev":"T","sym":"SPY","i":"79376151173173","x":4,"p":327.37,"s":300,"c":[12],"t":1604005812970,"z":1}]
1604005819683874000 || [{"ev":"T","sym":"SPY","i":"71692756662610","x":4,"p":327.37,"s":1,"c":[12,37],"t":1604005819642,"z":1}]
1604005822376772000 || [{"ev":"T","sym":"SPY","i":"52983575888951","x":11,"p":327.37,"s":5,"c":[12,37],"t":1604005822260,"z":1}]
1604005837443744000 || [{"ev":"T","sym":"SPY","i":"52983575888952","x":11,"p":327.36,"s":16,"c":[12,37],"t":1604005837396,"z":1}]
1604005837460302000 || [{"ev":"T","sym":"SPY","i":"79376151173209","x":4,"p":327.36,"s":9,"c":[12,37],"t":1604005837399,"z":1}]
1604005838789875000 || [{"ev":"T","sym":"SPY","i":"52983575888953","x":11,"p":327.32,"s":1,"c":[12,37],"t":1604005838663,"z":1}]
1604005838791387000 || [{"ev":"T","sym":"SPY","i":"62880037954865","x":12,"p":327.4,"s":7,"c":[12,37],"t":1604005838665,"z":1},{"ev":"T","sym":"SPY","i":"62880037954866","x":12,"p":327.4,"s":8,"c":[12,37],"t":1604005838665,"z":1},{"ev":"T","sym":"SPY","i":"62880037954867","x":12,"p":327.4,"s":7,"c":[12,37],"t":1604005838665,"z":1},{"ev":"T","sym":"SPY","i":"62880037954868","x":12,"p":327.4,"s":2,"c":[12,37],"t":1604005838666,"z":1}]
1604005843353352000 || [{"ev":"T","sym":"SPY","i":"62880037954906","x":12,"p":327.4,"s":97,"c":[12,37],"t":1604005843307,"z":1}]
1604005846172358000 || [{"ev":"T","sym":"SPY","i":"62880037955126","x":12,"p":327.35,"s":1,"c":[12,37],"t":1604005846114,"z":1}]
1604005846373852000 || [{"ev":"T","sym":"SPY","i":"79376151173430","x":4,"p":327.35,"s":1,"c":[12,37],"t":1604005846331,"z":1}]
1604005851652560000 || [{"ev":"T","sym":"SPY","i":"62880037955402","x":12,"p":327.34,"s":100,"c":[14,12,41],"t":1604005851609,"z":1}]
1604005851666037000 || [{"ev":"T","sym":"SPY","i":"52983527007327","x":8,"p":327.35,"s":55,"c":[12,37,41],"t":1604005851618,"z":1}]
1604005851667635000 || [{"ev":"T","sym":"SPY","i":"52983527207729","x":19,"p":327.35,"s":3,"c":[12,37,41],"t":1604005851620,"z":1}]
1604005854659507000 || [{"ev":"T","sym":"SPY","i":"62880037955432","x":12,"p":327.35,"s":1,"c":[12,37],"t":1604005854369,"z":1}]
1604005856714556000 || [{"ev":"T","sym":"SPY","i":"52983527207730","x":19,"p":327.35,"s":100,"c":[14,12,41],"t":1604005856549,"z":1},{"ev":"T","sym":"SPY","i":"52983527007328","x":8,"p":327.35,"s":112,"c":[14,12,41],"t":1604005856549,"z":1}]
1604005865094071000 || [{"ev":"T","sym":"SPY","i":"52983527207731","x":19,"p":327.35,"s":63,"c":[12,37,41],"t":1604005865051,"z":1}]
1604005865120944000 || [{"ev":"T","sym":"SPY","i":"52983575888961","x":11,"p":327.37,"s":9272,"c":[12],"t":1604005865077,"z":1}]
1604005865151999000 || [{"ev":"T","sym":"SPY","i":"52983525556291","x":7,"p":327.37,"s":68,"c":[14,12,37,41],"t":1604005865083,"z":1}]
1604005865163221000 || [{"ev":"T","sym":"SPY","i":"62880037955912","x":12,"p":327.35,"s":68,"c":[14,12,37,41],"t":1604005865083,"z":1}]
1604005866350738000 || [{"ev":"T","sym":"SPY","i":"52983525556292","x":7,"p":327.37,"s":1,"c":[14,12,37,41],"t":1604005866307,"z":1}]
1604005885072871000 || [{"ev":"T","sym":"SPY","i":"71692756665943","x":4,"p":327.4,"s":4,"c":[12,37],"t":1604005884999,"z":1}]
1604005888354194000 || [{"ev":"T","sym":"SPY","i":"52983575888962","x":11,"p":327.44,"s":169,"c":[12],"t":1604005888306,"z":1}]
1604005888356363000 || [{"ev":"T","sym":"SPY","i":"52983575888963","x":11,"p":327.48,"s":100,"c":[12],"t":1604005888316,"z":1}]
1604005888363466000 || [{"ev":"T","sym":"SPY","i":"52983575888964","x":11,"p":327.48,"s":100,"c":[12],"t":1604005888316,"z":1},{"ev":"T","sym":"SPY","i":"62880037956965","x":12,"p":327.48,"s":100,"c":[12],"t":1604005888316,"z":1}]
1604005888392656000 || [{"ev":"T","sym":"SPY","i":"62880037956966","x":12,"p":327.49,"s":4331,"c":[12],"t":1604005888328,"z":1}]
1604005888393370000 || [{"ev":"T","sym":"SPY","i":"52983575888965","x":11,"p":327.5,"s":100,"c":[12],"t":1604005888335,"z":1},{"ev":"T","sym":"SPY","i":"62880037956967","x":12,"p":327.49,"s":62,"c":[12,37],"t":1604005888336,"z":1}]
1604005888398127000 || [{"ev":"T","sym":"SPY","i":"52983575888966","x":11,"p":327.5,"s":38,"c":[12,37],"t":1604005888342,"z":1}]
1604005893196102000 || [{"ev":"T","sym":"SPY","i":"52983575888967","x":11,"p":327.4,"s":100,"c":[14,12,41],"t":1604005893154,"z":1}]
1604005895412967000 || [{"ev":"T","sym":"SPY","i":"79376151173706","x":4,"p":327.48,"s":4,"c":[12,37],"t":1604005895366,"z":1}]
1604005896851679000 || [{"ev":"T","sym":"SPY","i":"62880037957433","x":12,"p":327.4,"s":70,"c":[12,37],"t":1604005896702,"z":1}]
1604005896853523000 || [{"ev":"T","sym":"SPY","i":"52983575888968","x":11,"p":327.44,"s":70,"c":[12,37],"t":1604005896702,"z":1}]
1604005896854567000 || [{"ev":"T","sym":"SPY","i":"52983575888969","x":11,"p":327.44,"s":718,"c":[14,12,41],"t":1604005896704,"z":1}]
1604005896898780000 || [{"ev":"T","sym":"SPY","i":"52983525684571","x":18,"p":327.36,"s":100,"c":[14,12,41],"t":1604005896763,"z":1}]
1604005897978143000 || [{"ev":"T","sym":"SPY","i":"62880037957439","x":12,"p":327.4,"s":100,"c":[12],"t":1604005897913,"z":1}]
1604005908125820000 || [{"ev":"T","sym":"SPY","i":"52983575888970","x":11,"p":327.4,"s":10,"c":[14,12,37,41],"t":1604005908053,"z":1}]
1604005908128936000 || [{"ev":"T","sym":"SPY","i":"62880038006883","x":12,"p":327.4,"s":366,"c":[14,12,41],"t":1604005908054,"z":1}]
1604005911083975000 || [{"ev":"T","sym":"SPY","i":"62880038007095","x":12,"p":327.39,"s":100,"c":[14,12,41],"t":1604005910927,"z":1}]
1604005913130766000 || [{"ev":"T","sym":"GLD","i":"79376151228470","x":4,"p":175.2,"s":10,"c":[12,37],"t":1604005913063,"z":1}]
1604005922863064000 || [{"ev":"T","sym":"SPY","i":"52983575888971","x":11,"p":327.36,"s":41,"c":[14,12,37,41],"t":1604005922572,"z":1},{"ev":"T","sym":"SPY","i":"52983575888972","x":11,"p":327.35,"s":2704,"c":[14,12,41],"t":1604005922572,"z":1}]
1604005922864260000 || [{"ev":"T","sym":"SPY","i":"62880038007611","x":12,"p":327.37,"s":20,"c":[14,12,37,41],"t":1604005922572,"z":1}]
1604005922876140000 || [{"ev":"T","sym":"SPY","i":"52983525556293","x":7,"p":327.31,"s":100,"c":[14,12,41],"t":1604005922836,"z":1}]
1604005925440841000 || [{"ev":"T","sym":"SPY","i":"52983575888973","x":11,"p":327.4,"s":1,"c":[12,37],"t":1604005925396,"z":1}]
1604005927448344000 || [{"ev":"T","sym":"SPY","i":"52983527007329","x":8,"p":327.35,"s":20,"c":[12,37,41],"t":1604005927401,"z":1}]
1604005943684889000 || [{"ev":"T","sym":"SPY","i":"52983575888974","x":11,"p":327.35,"s":5,"c":[12,37],"t":1604005943634,"z":1}]
1604005943693362000 || [{"ev":"T","sym":"SPY","i":"52983575888975","x":11,"p":327.35,"s":4,"c":[12,37],"t":1604005943635,"z":1},{"ev":"T","sym":"SPY","i":"52983575888976","x":11,"p":327.45,"s":1,"c":[12,37],"t":1604005943635,"z":1},{"ev":"T","sym":"SPY","i":"62880038008379","x":12,"p":327.34,"s":5,"c":[12,37],"t":1604005943636,"z":1}]
1604005948051751000 || [{"ev":"T","sym":"SPY","i":"79376151228721","x":4,"p":327.45,"s":50,"c":[12,37],"t":1604005947913,"z":1}]
1604005953059328000 || [{"ev":"T","sym":"SPY","i":"52983575888977","x":11,"p":327.32,"s":1,"c":[12,37],"t":1604005952905,"z":1},{"ev":"T","sym":"SPY","i":"52983575888978","x":11,"p":327.31,"s":1,"c":[12,37],"t":1604005952905,"z":1}]
1604005953378902000 || [{"ev":"T","sym":"SPY","i":"62880038008627","x":12,"p":327.32,"s":10,"c":[12,37],"t":1604005953330,"z":1}]
1604005966797195000 || [{"ev":"T","sym":"SPY","i":"52983575888979","x":11,"p":327.43,"s":5,"c":[12,37],"t":1604005966545,"z":1}]
1604005966798810000 || [{"ev":"T","sym":"SPY","i":"52983575888980","x":11,"p":327.43,"s":5,"c":[12,37],"t":1604005966673,"z":1}]
1604005970070587000 || [{"ev":"T","sym":"SPY","i":"79376151228750","x":4,"p":327.32,"s":1,"c":[12,37],"t":1604005970024,"z":1}]
1604005970071754000 || [{"ev":"T","sym":"SPY","i":"79376151228751","x":4,"p":327.31,"s":349,"c":[12],"t":1604005970026,"z":1}]
1604005970106117000 || [{"ev":"T","sym":"SPY","i":"52983575888981","x":11,"p":327.43,"s":5,"c":[14,12,37,41],"t":1604005970027,"z":1},{"ev":"T","sym":"SPY","i":"52983575888982","x":11,"p":327.42,"s":5,"c":[14,12,37,41],"t":1604005970027,"z":1},{"ev":"T","sym":"SPY","i":"52983575889200","x":11,"p":327.41,"s":5,"c":[14,12,37,41],"t":1604005970027,"z":1},{"ev":"T","sym":"SPY","i":"52983575889201","x":11,"p":327.31,"s":85,"c":[14,12,37,41],"t":1604005970027,"z":1}]
1604005979944307000 || [{"ev":"T","sym":"GLD","i":"79376151228981","x":4,"p":175.2,"s":10,"c":[12,37],"t":1604005979903,"z":1}]
1604005982567467000 || [{"ev":"T","sym":"SPY","i":"52983575889202","x":11,"p":327.45,"s":3,"c":[12,37],"t":1604005982519,"z":1}]
1604005985025667000 || [{"ev":"T","sym":"SPY","i":"52983575889203","x":11,"p":327.43,"s":5,"c":[12,37],"t":1604005984981,"z":1}]
1604005985029466000 || [{"ev":"T","sym":"SPY","i":"52983575889204","x":11,"p":327.42,"s":5,"c":[12,37],"t":1604005984981,"z":1},{"ev":"T","sym":"SPY","i":"52983575889205","x":11,"p":327.41,"s":5,"c":[12,37],"t":1604005984981,"z":1},{"ev":"T","sym":"SPY","i":"52983575889206","x":11,"p":327.4,"s":5,"c":[12,37],"t":1604005984981,"z":1}]
1604005985780888000 || [{"ev":"T","sym":"SPY","i":"52983575889207","x":11,"p":327.39,"s":2,"c":[12,37],"t":1604005985736,"z":1}]
1604005991145005000 || [{"ev":"T","sym":"SPY","i":"52983575889208","x":11,"p":327.4,"s":2,"c":[12,37],"t":1604005991092,"z":1}]
1604006002939376000 || [{"ev":"T","sym":"SPY","i":"52983575889209","x":11,"p":327.4,"s":1,"c":[12,37],"t":1604006002807,"z":1}]
1604006003869003000 || [{"ev":"T","sym":"SPY","i":"52983575889217","x":11,"p":327.4,"s":5,"c":[12,37],"t":1604006003758,"z":1}]
1604006003961864000 || [{"ev":"T","sym":"SPY","i":"79376151229008","x":4,"p":327.45,"s":40,"c":[12,37],"t":1604006003919,"z":1}]
1604006004890852000 || [{"ev":"T","sym":"SPY","i":"79376151229009","x":4,"p":327.32,"s":1,"c":[12,37],"t":1604006004847,"z":1}]
1604006004899870000 || [{"ev":"T","sym":"SPY","i":"79376151229010","x":4,"p":327.31,"s":199,"c":[12],"t":1604006004850,"z":1}]
1604006004907732000 || [{"ev":"T","sym":"SPY","i":"52983575889218","x":11,"p":327.39,"s":3,"c":[14,12,37,41],"t":1604006004851,"z":1},{"ev":"T","sym":"SPY","i":"52983575889219","x":11,"p":327.38,"s":5,"c":[14,12,37,41],"t":1604006004851,"z":1},{"ev":"T","sym":"SPY","i":"52983575889220","x":11,"p":327.37,"s":5,"c":[14,12,37,41],"t":1604006004851,"z":1},{"ev":"T","sym":"SPY","i":"52983575889221","x":11,"p":327.36,"s":5,"c":[14,12,37,41],"t":1604006004851,"z":1},{"ev":"T","sym":"SPY","i":"52983575889222","x":11,"p":327.35,"s":5,"c":[14,12,37,41],"t":1604006004851,"z":1},{"ev":"T","sym":"SPY","i":"52983575889223","x":11,"p":327.34,"s":5,"c":[14,12,37,41],"t":1604006004851,"z":1},{"ev":"T","sym":"SPY","i":"52983575889224","x":11,"p":327.33,"s":5,"c":[14,12,37,41],"t":1604006004851,"z":1},{"ev":"T","sym":"SPY","i":"52983575889225","x":11,"p":327.32,"s":1,"c":[14,12,37,41],"t":1604006004851,"z":1},{"ev":"T","sym":"SPY","i":"52983575889226","x":11,"p":327.32,"s":5,"c":[14,12,37,41],"t":1604006004851,"z":1},{"ev":"T","sym":"SPY","i":"52983575889227","x":11,"p":327.32,"s":61,"c":[14,12,37,41],"t":1604006004851,"z":1}]
1604006015217998000 || [{"ev":"T","sym":"SPY","i":"52983575889228","x":11,"p":327.4,"s":5,"c":[12,37],"t":1604006015173,"z":1}]
1604006015226333000 || [{"ev":"T","sym":"SPY","i":"52983575889229","x":11,"p":327.4,"s":3,"c":[12,37],"t":1604006015175,"z":1}]
1604006020598613000 || [{"ev":"T","sym":"SPY","i":"52983575889230","x":11,"p":327.36,"s":1,"c":[12,37],"t":1604006020552,"z":1}]
1604006021168761000 || [{"ev":"T","sym":"SPY","i":"52983575889231","x":11,"p":327.37,"s":200,"c":[14,12,41],"t":1604006021053,"z":1}]
1604006021170066000 || [{"ev":"T","sym":"SPY","i":"52983575889232","x":11,"p":327.36,"s":1,"c":[14,12,37,41],"t":1604006021053,"z":1},{"ev":"T","sym":"SPY","i":"52983575889233","x":11,"p":327.35,"s":2,"c":[14,12,37,41],"t":1604006021053,"z":1},{"ev":"T","sym":"SPY","i":"52983575889234","x":11,"p":327.34,"s":2,"c":[14,12,37,41],"t":1604006021053,"z":1}]
1604006032543350000 || [{"ev":"T","sym":"GLD","i":"52983543123505","x":11,"p":175.18,"s":15,"c":[12,37],"t":1604006032463,"z":1}]
1604006032545250000 || [{"ev":"T","sym":"GLD","i":"52983543123506","x":11,"p":175.16,"s":16,"c":[12,37],"t":1604006032465,"z":1},{"ev":"T","sym":"GLD","i":"52983543123507","x":11,"p":175.18,"s":15,"c":[12,37],"t":1604006032466,"z":1}]
1604006034428784000 || [{"ev":"T","sym":"SPY","i":"62880038011486","x":12,"p":327.34,"s":100,"c":[14,12,41],"t":1604006034383,"z":1}]
1604006034436158000 || [{"ev":"T","sym":"SPY","i":"52983575889235","x":11,"p":327.33,"s":2,"c":[14,12,37,41],"t":1604006034384,"z":1},{"ev":"T","sym":"SPY","i":"52983575889236","x":11,"p":327.32,"s":1,"c":[14,12,37,41],"t":1604006034384,"z":1},{"ev":"T","sym":"SPY","i":"52983575889237","x":11,"p":327.32,"s":2,"c":[14,12,37,41],"t":1604006034384,"z":1},{"ev":"T","sym":"SPY","i":"52983575889238","x":11,"p":327.32,"s":39,"c":[14,12,37,41],"t":1604006034384,"z":1},{"ev":"T","sym":"SPY","i":"52983575889456","x":11,"p":327.31,"s":56,"c":[14,12,37,41],"t":1604006034384,"z":1}]
1604006034981130000 || [{"ev":"T","sym":"SPY","i":"62880038011697","x":12,"p":327.34,"s":100,"c":[14,12,41],"t":1604006034931,"z":1}]
1604006037043735000 || [{"ev":"T","sym":"SPY","i":"62880038011710","x":12,"p":327.34,"s":25,"c":[14,12,37,41],"t":1604006036857,"z":1}]
1604006037045090000 || [{"ev":"T","sym":"SPY","i":"52983575889457","x":11,"p":327.31,"s":33,"c":[14,12,37,41],"t":1604006036858,"z":1},{"ev":"T","sym":"SPY","i":"52983575889458","x":11,"p":327.31,"s":11,"c":[14,12,37,41],"t":1604006036858,"z":1},{"ev":"T","sym":"SPY","i":"52983525556294","x":7,"p":327.31,"s":34,"c":[14,12,37,41],"t":1604006036859,"z":1},{"ev":"T","sym":"SPY","i":"52983525556295","x":7,"p":327.31,"s":22,"c":[14,12,37,41],"t":1604006036859,"z":1}]
1604006038166883000 || [{"ev":"T","sym":"SPY","i":"52983575889459","x":11,"p":327.4,"s":20,"c":[12,37],"t":1604006038013,"z":1}]
1604006038168356000 || [{"ev":"T","sym":"SPY","i":"62880038011718","x":12,"p":327.32,"s":1,"c":[12,37],"t":1604006038031,"z":1}]
1604006038220565000 || [{"ev":"T","sym":"SPY","i":"62880038011720","x":12,"p":327.34,"s":25,"c":[14,12,37,41],"t":1604006038169,"z":1}]
1604006039703192000 || [{"ev":"T","sym":"SPY","i":"52983575889460","x":11,"p":327.4,"s":44,"c":[12,37],"t":1604006039617,"z":1}]
1604006039703994000 || [{"ev":"T","sym":"SPY","i":"52983575889461","x":11,"p":327.45,"s":6,"c":[12,37],"t":1604006039617,"z":1}]
1604006039738137000 || [{"ev":"T","sym":"SPY","i":"52983527207732","x":19,"p":327.45,"s":166,"c":[12,41],"t":1604006039639,"z":1}]
1604006039740505000 || [{"ev":"T","sym":"SPY","i":"52983527007331","x":8,"p":327.45,"s":167,"c":[12,41],"t":1604006039639,"z":1},{"ev":"T","sym":"SPY","i":"62880038011738","x":12,"p":327.34,"s":10411,"c":[14,12,41],"t":1604006039650,"z":1},{"ev":"T","sym":"SPY","i":"62880038011739","x":12,"p":327.45,"s":167,"c":[14,12,41],"t":1604006039650,"z":1}]
1604006039749719000 || [{"ev":"T","sym":"SPY","i":"52983525684572","x":18,"p":327.45,"s":1,"c":[14,12,37,41],"t":1604006039650,"z":1}]
1604006039858251000 || [{"ev":"T","sym":"SPY","i":"52983525684573","x":18,"p":327.45,"s":100,"c":[14,12,41],"t":1604006039808,"z":1},{"ev":"T","sym":"SPY","i":"52983525684574","x":18,"p":327.45,"s":75,"c":[14,12,37,41],"t":1604006039808,"z":1}]
1604006043083003000 || [{"ev":"T","sym":"SPY","i":"62880038011987","x":12,"p":327.48,"s":8,"c":[12,37],"t":1604006042962,"z":1},{"ev":"T","sym":"SPY","i":"62880038011988","x":12,"p":327.48,"s":8,"c":[12,37],"t":1604006042962,"z":1}]
1604006043084971000 || [{"ev":"T","sym":"SPY","i":"62880038011989","x":12,"p":327.48,"s":3,"c":[12,37],"t":1604006042963,"z":1}]
1604006051358653000 || [{"ev":"T","sym":"SPY","i":"71692756669776","x":4,"p":327.48,"s":1,"c":[12,37],"t":1604006051312,"z":1}]
1604006055769026000 || [{"ev":"T","sym":"SPY","i":"71692756670000","x":4,"p":327.49,"s":1,"c":[12,37],"t":1604006055723,"z":1}]
1604006059573581000 || [{"ev":"T","sym":"GLD","i":"52983543123508","x":11,"p":175.15,"s":2,"c":[14,12,37,41],"t":1604006059308,"z":1}]
1604006060289298000 || [{"ev":"T","sym":"SPY","i":"79376151229496","x":4,"p":327.49,"s":100,"c":[12],"t":1604006060137,"z":1}]
1604006062028677000 || [{"ev":"T","sym":"SPY","i":"62880038012527","x":12,"p":327.48,"s":59,"c":[12,37],"t":1604006061981,"z":1}]
1604006062036918000 || [{"ev":"T","sym":"SPY","i":"71692756670033","x":4,"p":327.48,"s":1,"c":[12,37],"t":1604006061983,"z":1}]
1604006063661032000 || [{"ev":"T","sym":"SPY","i":"52983525684575","x":18,"p":327.45,"s":100,"c":[14,12,41],"t":1604006063415,"z":1},{"ev":"T","sym":"SPY","i":"52983525684576","x":18,"p":327.45,"s":900,"c":[14,12,41],"t":1604006063415,"z":1}]
1604006070425325000 || [{"ev":"T","sym":"SPY","i":"71692756670285","x":4,"p":327.47,"s":40,"c":[12,37],"t":1604006070288,"z":1}]
1604006070665234000 || [{"ev":"T","sym":"SPY","i":"62880038012989","x":12,"p":327.48,"s":22,"c":[12,37],"t":1604006070617,"z":1}]
1604006070669923000 || [{"ev":"T","sym":"SPY","i":"52983575889462","x":11,"p":327.49,"s":100,"c":[12],"t":1604006070618,"z":1},{"ev":"T","sym":"SPY","i":"62880038012990","x":12,"p":327.49,"s":27,"c":[12,37],"t":1604006070618,"z":1}]
1604006070676566000 || [{"ev":"T","sym":"SPY","i":"62880038012991","x":12,"p":327.49,"s":1,"c":[14,12,37,41],"t":1604006070622,"z":1}]
1604006074111868000 || [{"ev":"T","sym":"SPY","i":"52983575889463","x":11,"p":327.47,"s":100,"c":[14,12,41],"t":1604006073983,"z":1}]
1604006078522967000 || [{"ev":"T","sym":"SPY","i":"52983525684577","x":18,"p":327.45,"s":100,"c":[12,41],"t":1604006078470,"z":1},{"ev":"T","sym":"SPY","i":"52983525684578","x":18,"p":327.45,"s":100,"c":[12,41],"t":1604006078470,"z":1}]
1604006078529658000 || [{"ev":"T","sym":"SPY","i":"52983525684579","x":18,"p":327.45,"s":55,"c":[12,37,41],"t":1604006078479,"z":1}]
1604006078539513000 || [{"ev":"T","sym":"SPY","i":"52983525684580","x":18,"p":327.45,"s":55,"c":[12,37,41],"t":1604006078486,"z":1}]
1604006079503612000 || [{"ev":"T","sym":"SPY","i":"52983525684581","x":18,"p":327.45,"s":53,"c":[12,37,41],"t":1604006079463,"z":1}]
1604006079507332000 || [{"ev":"T","sym":"SPY","i":"52983575889464","x":11,"p":327.39,"s":100,"c":[14,12,41],"t":1604006079464,"z":1}]
1604006080753949000 || [{"ev":"T","sym":"GLD","i":"71692756670534","x":4,"p":175.1498,"s":10,"c":[12,37],"t":1604006080405,"z":1}]
1604006082354975000 || [{"ev":"T","sym":"GLD","i":"71692756670539","x":4,"p":175.1498,"s":5,"c":[12,37],"t":1604006082286,"z":1}]
1604006083939003000 || [{"ev":"T","sym":"SPY","i":"62880038013518","x":12,"p":327.38,"s":28,"c":[12,37],"t":1604006083891,"z":1}]
1604006083944178000 || [{"ev":"T","sym":"SPY","i":"52983525556296","x":7,"p":327.31,"s":6,"c":[12,37,41],"t":1604006083891,"z":1},{"ev":"T","sym":"SPY","i":"52983525556297","x":7,"p":327.31,"s":1,"c":[14,12,37,41],"t":1604006083894,"z":1}]
1604006086223226000 || [{"ev":"T","sym":"SPY","i":"52983575889465","x":11,"p":327.4,"s":8,"c":[12,37],"t":1604006086171,"z":1}]
1604006088429951000 || [{"ev":"T","sym":"SPY","i":"52983575889473","x":11,"p":327.4,"s":1,"c":[12,37],"t":1604006088337,"z":1}]
1604006089569060000 || [{"ev":"T","sym":"GLD","i":"52983543123509","x":11,"p":175.15,"s":10,"c":[12,37],"t":1604006089415,"z":1}]
1604006097416462000 || [{"ev":"T","sym":"GLD","i":"71692756670803","x":4,"p":175.15,"s":40,"c":[12,37],"t":1604006097336,"z":1}]
1604006105263215000 || [{"ev":"T","sym":"SPY","i":"52983575889474","x":11,"p":327.4,"s":1,"c":[12,37],"t":1604006105213,"z":1}]
1604006105272916000 || [{"ev":"T","sym":"SPY","i":"52983575889475","x":11,"p":327.4,"s":1,"c":[12,37],"t":1604006105216,"z":1}]
1604006106781504000 || [{"ev":"T","sym":"GLD","i":"71692756671046","x":4,"p":175.15,"s":3,"c":[12,37],"t":1604006106706,"z":1}]
1604006113227110000 || [{"ev":"T","sym":"SPY","i":"52983575889476","x":11,"p":327.4,"s":7,"c":[12,37],"t":1604006113103,"z":1}]
1604006113229932000 || [{"ev":"T","sym":"SPY","i":"52983575889477","x":11,"p":327.4,"s":4,"c":[12,37],"t":1604006113104,"z":1},{"ev":"T","sym":"SPY","i":"52983575889478","x":11,"p":327.4,"s":4,"c":[12,37],"t":1604006113104,"z":1},{"ev":"T","sym":"SPY","i":"52983575889479","x":11,"p":327.4,"s":4,"c":[12,37],"t":1604006113104,"z":1}]
1604006118516475000 || [{"ev":"T","sym":"GLD","i":"52983543123510","x":11,"p":175.13,"s":55,"c":[12,37],"t":1604006118467,"z":1}]
1604006118521135000 || [{"ev":"T","sym":"GLD","i":"52983543123511","x":11,"p":175.11,"s":9,"c":[12,37],"t":1604006118469,"z":1},{"ev":"T","sym":"GLD","i":"52983543123512","x":11,"p":175.11,"s":50,"c":[12,37],"t":1604006118469,"z":1}]
1604006118523928000 || [{"ev":"T","sym":"GLD","i":"52983543123513","x":11,"p":175.11,"s":43,"c":[12,37],"t":1604006118470,"z":1}]
1604006118528673000 || [{"ev":"T","sym":"GLD","i":"52983543123521","x":11,"p":175.21,"s":42,"c":[12,37],"t":1604006118473,"z":1}]
1604006120809911000 || [{"ev":"T","sym":"SPY","i":"52983575889480","x":11,"p":327.4,"s":17,"c":[12,37],"t":1604006120603,"z":1}]
1604006120814116000 || [{"ev":"T","sym":"SPY","i":"52983575889481","x":11,"p":327.42,"s":300,"c":[12],"t":1604006120604,"z":1},{"ev":"T","sym":"SPY","i":"52983575889482","x":11,"p":327.42,"s":200,"c":[12],"t":1604006120604,"z":1}]
1604006120815452000 || [{"ev":"T","sym":"SPY","i":"52983575889483","x":11,"p":327.42,"s":100,"c":[14,12,41],"t":1604006120604,"z":1},{"ev":"T","sym":"SPY","i":"52983575889484","x":11,"p":327.4,"s":50,"c":[14,12,37,41],"t":1604006120604,"z":1},{"ev":"T","sym":"SPY","i":"62880038014816","x":12,"p":327.35,"s":100,"c":[14,12,41],"t":1604006120605,"z":1},{"ev":"T","sym":"SPY","i":"52983575889485","x":11,"p":327.42,"s":100,"c":[12,41],"t":1604006120605,"z":1},{"ev":"T","sym":"SPY","i":"52983527007333","x":8,"p":327.4,"s":100,"c":[14,12,41],"t":1604006120605,"z":1},{"ev":"T","sym":"SPY","i":"52983527207733","x":19,"p":327.4,"s":100,"c":[14,12,41],"t":1604006120605,"z":1},{"ev":"T","sym":"SPY","i":"62880038014817","x":12,"p":327.4,"s":100,"c":[14,12,41],"t":1604006120605,"z":1},{"ev":"T","sym":"SPY","i":"52983575889486","x":11,"p":327.42,"s":50,"c":[14,12,37,41],"t":1604006120606,"z":1}]
1604006124385361000 || [{"ev":"T","sym":"SPY","i":"52983575889487","x":11,"p":327.45,"s":50,"c":[14,12,37,41],"t":1604006124240,"z":1}]
1604006134095576000 || [{"ev":"T","sym":"SPY","i":"52983575889488","x":11,"p":327.49,"s":100,"c":[12],"t":1604006134046,"z":1},{"ev":"T","sym":"SPY","i":"52983575889489","x":11,"p":327.49,"s":100,"c":[12],"t":1604006134046,"z":1}]
1604006134101600000 || [{"ev":"T","sym":"SPY","i":"52983575889490","x":11,"p":327.49,"s":169,"c":[12],"t":1604006134046,"z":1},{"ev":"T","sym":"SPY","i":"62880038015333","x":12,"p":327.49,"s":72,"c":[12,37],"t":1604006134047,"z":1},{"ev":"T","sym":"SPY","i":"62880038015334","x":12,"p":327.49,"s":100,"c":[12],"t":1604006134047,"z":1},{"ev":"T","sym":"SPY","i":"52983575889491","x":11,"p":327.49,"s":33,"c":[14,12,37,41],"t":1604006134048,"z":1},{"ev":"T","sym":"SPY","i":"52983527007334","x":8,"p":327.47,"s":33,"c":[14,12,37,41],"t":1604006134048,"z":1},{"ev":"T","sym":"SPY","i":"62880038015335","x":12,"p":327.47,"s":34,"c":[12,37],"t":1604006134048,"z":1}]
1604006138526578000 || [{"ev":"T","sym":"SPY","i":"52983575889492","x":11,"p":327.49,"s":3,"c":[12,37],"t":1604006138479,"z":1}]
1604006138549782000 || [{"ev":"T","sym":"SPY","i":"52983575889493","x":11,"p":327.49,"s":4,"c":[12,37],"t":1604006138487,"z":1}]
1604006141556141000 || [{"ev":"T","sym":"SPY","i":"52983575889494","x":11,"p":327.49,"s":5,"c":[12,37],"t":1604006141507,"z":1}]
1604006141695021000 || [{"ev":"T","sym":"SPY","i":"52983527207734","x":19,"p":327.47,"s":33,"c":[12,37,41],"t":1604006141639,"z":1}]
1604006141700249000 || [{"ev":"T","sym":"SPY","i":"52983575889712","x":11,"p":327.5,"s":5,"c":[12,37],"t":1604006141640,"z":1},{"ev":"T","sym":"SPY","i":"52983575889713","x":11,"p":327.5,"s":169,"c":[12],"t":1604006141640,"z":1}]
1604006146198767000 || [{"ev":"T","sym":"SPY","i":"52983575889714","x":11,"p":327.5,"s":100,"c":[14,12,41],"t":1604006146145,"z":1},{"ev":"T","sym":"SPY","i":"52983575889715","x":11,"p":327.5,"s":534,"c":[14,12,41],"t":1604006146145,"z":1}]
1604006146200914000 || [{"ev":"T","sym":"SPY","i":"62880038015812","x":12,"p":327.5,"s":66,"c":[14,12,37,41],"t":1604006146145,"z":1},{"ev":"T","sym":"SPY","i":"52983575889716","x":11,"p":327.5,"s":100,"c":[14,12,41],"t":1604006146147,"z":1},{"ev":"T","sym":"SPY","i":"52983575889717","x":11,"p":327.5,"s":200,"c":[14,12,41],"t":1604006146147,"z":1}]
1604006149173571000 || [{"ev":"T","sym":"SPY","i":"79376151230518","x":4,"p":327.5,"s":30,"c":[12,37],"t":1604006148793,"z":1}]
1604006150395445000 || [{"ev":"T","sym":"SPY","i":"52983575889718","x":11,"p":327.5,"s":100,"c":[12],"t":1604006150184,"z":1}]
1604006150396555000 || [{"ev":"T","sym":"SPY","i":"62880038015845","x":12,"p":327.5,"s":100,"c":[14,12,41],"t":1604006150184,"z":1},{"ev":"T","sym":"SPY","i":"52983575889719","x":11,"p":327.5,"s":100,"c":[14,12,41],"t":1604006150186,"z":1},{"ev":"T","sym":"SPY","i":"52983575889720","x":11,"p":327.5,"s":400,"c":[14,12,41],"t":1604006150186,"z":1}]
1604006150401335000 || [{"ev":"T","sym":"SPY","i":"52983575889721","x":11,"p":327.5,"s":55,"c":[12,37],"t":1604006150195,"z":1}]
1604006151215800000 || [{"ev":"T","sym":"SPY","i":"52983527007336","x":8,"p":327.51,"s":100,"c":[12,41],"t":1604006150958,"z":1}]
1604006157547026000 || [{"ev":"T","sym":"SPY","i":"52983575889729","x":11,"p":327.5,"s":45,"c":[12,37],"t":1604006157500,"z":1},{"ev":"T","sym":"SPY","i":"52983575889730","x":11,"p":327.5,"s":59,"c":[12,37],"t":1604006157500,"z":1}]
1604006157557094000 || [{"ev":"T","sym":"SPY","i":"52983575889731","x":11,"p":327.5,"s":1,"c":[12,37],"t":1604006157503,"z":1}]
1604006160434543000 || [{"ev":"T","sym":"SPY","i":"52983575889732","x":11,"p":327.5,"s":40,"c":[14,12,37,41],"t":1604006160344,"z":1},{"ev":"T","sym":"SPY","i":"52983575889733","x":11,"p":327.5,"s":100,"c":[14,12,41],"t":1604006160344,"z":1}]
1604006160435829000 || [{"ev":"T","sym":"SPY","i":"52983575889734","x":11,"p":327.5,"s":860,"c":[14,12,41],"t":1604006160344,"z":1},{"ev":"T","sym":"SPY","i":"62880038016306","x":12,"p":327.5,"s":119,"c":[14,12,41],"t":1604006160344,"z":1}]
1604006162221803000 || [{"ev":"T","sym":"SPY","i":"52983575889735","x":11,"p":327.5,"s":100,"c":[14,12,41],"t":1604006162155,"z":1}]
1604006162222808000 || [{"ev":"T","sym":"SPY","i":"62880038016331","x":12,"p":327.51,"s":100,"c":[12],"t":1604006162156,"z":1}]
1604006164429123000 || [{"ev":"T","sym":"SPY","i":"62880038016347","x":12,"p":327.51,"s":100,"c":[12],"t":1604006164300,"z":1}]
1604006166277996000 || [{"ev":"T","sym":"SPY","i":"71692756726869","x":4,"p":327.51,"s":200,"c":[12],"t":1604006166197,"z":1}]
1604006166718802000 || [{"ev":"T","sym":"SPY","i":"52983527007337","x":8,"p":327.51,"s":167,"c":[12,41],"t":1604006166668,"z":1}]
1604006166724755000 || [{"ev":"T","sym":"SPY","i":"52983527207735","x":19,"p":327.51,"s":166,"c":[12,41],"t":1604006166668,"z":1},{"ev":"T","sym":"SPY","i":"62880038016352","x":12,"p":327.51,"s":665,"c":[12],"t":1604006166668,"z":1},{"ev":"T","sym":"SPY","i":"79376151230553","x":4,"p":327.5099,"s":1,"c":[12,37],"t":1604006166672,"z":1}]
1604006169483913000 || [{"ev":"T","sym":"SPY","i":"79376151230768","x":4,"p":327.51,"s":50,"c":[12,37],"t":1604006169436,"z":1}]
1604006170160124000 || [{"ev":"T","sym":"SPY","i":"62880038016565","x":12,"p":327.51,"s":2,"c":[12,37],"t":1604006169858,"z":1}]
1604006176409934000 || [{"ev":"T","sym":"SPY","i":"52983575889736","x":11,"p":327.5,"s":100,"c":[12],"t":1604006176270,"z":1},{"ev":"T","sym":"SPY","i":"52983575889737","x":11,"p":327.5,"s":10,"c":[12,37],"t":1604006176270,"z":1}]
1604006176412032000 || [{"ev":"T","sym":"SPY","i":"52983575889738","x":11,"p":327.5,"s":1890,"c":[12],"t":1604006176270,"z":1}]
1604006177942395000 || [{"ev":"T","sym":"SPY","i":"62880038017090","x":12,"p":327.51,"s":10,"c":[12,37],"t":1604006177793,"z":1}]
1604006177951225000 || [{"ev":"T","sym":"SPY","i":"62880038017092","x":12,"p":327.51,"s":100,"c":[14,12,41],"t":1604006177893,"z":1}]
1604006178352060000 || [{"ev":"T","sym":"SPY","i":"52983575889739","x":11,"p":327.5,"s":100,"c":[12],"t":1604006178136,"z":1}]
1604006178353936000 || [{"ev":"T","sym":"SPY","i":"52983575889740","x":11,"p":327.5,"s":562,"c":[12],"t":1604006178136,"z":1}]
1604006183776543000 || [{"ev":"T","sym":"SPY","i":"52983575889741","x":11,"p":327.5,"s":1,"c":[12,37],"t":1604006183725,"z":1}]
1604006188386427000 || [{"ev":"T","sym":"SPY","i":"52983575889742","x":11,"p":327.5,"s":10,"c":[12,37],"t":1604006188284,"z":1}]
1604006205289566000 || [{"ev":"T","sym":"SPY","i":"52983575889743","x":11,"p":327.49,"s":200,"c":[14,12,41],"t":1604006205210,"z":1}]
1604006208156487000 || [{"ev":"T","sym":"SPY","i":"52983575889744","x":11,"p":327.49,"s":15,"c":[14,12,37,41],"t":1604006207921,"z":1}]
1604006210306418000 || [{"ev":"T","sym":"SPY","i":"52983575889745","x":11,"p":327.49,"s":4,"c":[12,37],"t":1604006210194,"z":1}]
1604006215624797000 || [{"ev":"T","sym":"SPY","i":"52983575889746","x":11,"p":327.49,"s":81,"c":[12,37],"t":1604006215486,"z":1},{"ev":"T","sym":"SPY","i":"52983575889747","x":11,"p":327.49,"s":300,"c":[12],"t":1604006215486,"z":1}]
1604006215625524000 || [{"ev":"T","sym":"SPY","i":"52983575889748","x":11,"p":327.49,"s":1400,"c":[12],"t":1604006215486,"z":1}]
1604006218467779000 || [{"ev":"T","sym":"SPY","i":"52983575889749","x":11,"p":327.49,"s":1,"c":[12,37],"t":1604006218419,"z":1}]
1604006222282475000 || [{"ev":"T","sym":"SPY","i":"52983575889750","x":11,"p":327.49,"s":5,"c":[12,37],"t":1604006221912,"z":1}]
1604006222284925000 || [{"ev":"T","sym":"SPY","i":"52983575889968","x":11,"p":327.49,"s":5,"c":[12,37],"t":1604006221914,"z":1},{"ev":"T","sym":"SPY","i":"52983575889969","x":11,"p":327.49,"s":6,"c":[12,37],"t":1604006221915,"z":1},{"ev":"T","sym":"SPY","i":"52983575889970","x":11,"p":327.49,"s":7,"c":[12,37],"t":1604006221915,"z":1}]
1604006232997596000 || [{"ev":"T","sym":"SPY","i":"52983575889971","x":11,"p":327.49,"s":7,"c":[12,37],"t":1604006232895,"z":1}]
1604006232999629000 || [{"ev":"T","sym":"SPY","i":"52983575889972","x":11,"p":327.49,"s":7,"c":[12,37],"t":1604006232896,"z":1}]
1604006233001961000 || [{"ev":"T","sym":"SPY","i":"52983575889973","x":11,"p":327.49,"s":15,"c":[12,37],"t":1604006232896,"z":1},{"ev":"T","sym":"SPY","i":"52983575889974","x":11,"p":327.49,"s":7,"c":[12,37],"t":1604006232896,"z":1}]
1604006238914416000 || [{"ev":"T","sym":"SPY","i":"52983575889975","x":11,"p":327.49,"s":27,"c":[12,37],"t":1604006238858,"z":1}]
1604006239601575000 || [{"ev":"T","sym":"SPY","i":"52983575889976","x":11,"p":327.49,"s":10,"c":[12,37],"t":1604006239456,"z":1}]
1604006244349121000 || [{"ev":"T","sym":"SPY","i":"52983575889977","x":11,"p":327.49,"s":3,"c":[12,37],"t":1604006244301,"z":1}]
1604006245530275000 || [{"ev":"T","sym":"SPY","i":"79376151232856","x":4,"p":327.5,"s":10,"c":[12,37],"t":1604006245331,"z":1}]
1604006245864447000 || [{"ev":"T","sym":"SPY","i":"52983575889985","x":11,"p":327.49,"s":5,"c":[12,37],"t":1604006245751,"z":1}]
1604006257650624000 || [{"ev":"T","sym":"GLD","i":"52983543123530","x":11,"p":175.26,"s":10,"c":[12,37],"t":1604006257375,"z":1}]
1604006258779389000 || [{"ev":"T","sym":"SPY","i":"62880038020700","x":12,"p":327.44,"s":4,"c":[12,37],"t":1604006258730,"z":1}]
1604006258973425000 || [{"ev":"T","sym":"SPY","i":"52983575889986","x":11,"p":327.44,"s":7,"c":[12,37],"t":1604006258926,"z":1}]
1604006267241122000 || [{"ev":"T","sym":"SPY","i":"52983575889987","x":11,"p":327.49,"s":1,"c":[12,37],"t":1604006266964,"z":1}]
1604006270822475000 || [{"ev":"T","sym":"SPY","i":"52983575889988","x":11,"p":327.47,"s":100,"c":[12],"t":1604006270688,"z":1}]
1604006271642332000 || [{"ev":"T","sym":"SPY","i":"79376151233103","x":4,"p":327.47,"s":100,"c":[12],"t":1604006271478,"z":1}]
1604006293052896000 || [{"ev":"T","sym":"SPY","i":"52983575889989","x":11,"p":327.44,"s":1,"c":[12,37],"t":1604006292839,"z":1}]
1604006297451553000 || [{"ev":"T","sym":"SPY","i":"52983527207737","x":19,"p":327.44,"s":100,"c":[12,41],"t":1604006297312,"z":1}]
1604006297452937000 || [{"ev":"T","sym":"SPY","i":"52983527207738","x":19,"p":327.44,"s":55,"c":[12,37,41],"t":1604006297323,"z":1}]
1604006297969248000 || [{"ev":"T","sym":"SPY","i":"52983527207740","x":19,"p":327.44,"s":100,"c":[12,41],"t":1604006297808,"z":1}]
1604006297970812000 || [{"ev":"T","sym":"SPY","i":"62880038022986","x":12,"p":327.44,"s":55,"c":[12,37],"t":1604006297818,"z":1}]
1604006299231082000 || [{"ev":"T","sym":"SPY","i":"52983527207741","x":19,"p":327.44,"s":45,"c":[14,12,37,41],"t":1604006299180,"z":1}]
1604006299239841000 || [{"ev":"T","sym":"SPY","i":"52983575889990","x":11,"p":327.44,"s":92,"c":[14,12,37,41],"t":1604006299180,"z":1},{"ev":"T","sym":"SPY","i":"62880038023004","x":12,"p":327.44,"s":41,"c":[14,12,37,41],"t":1604006299180,"z":1}]
1604006304676068000 || [{"ev":"T","sym":"SPY","i":"52983575889991","x":11,"p":327.44,"s":5,"c":[14,12,37,41],"t":1604006304630,"z":1}]
1604006306264096000 || [{"ev":"T","sym":"SPY","i":"52983575889992","x":11,"p":327.4,"s":100,"c":[12],"t":1604006306115,"z":1}]
1604006306267291000 || [{"ev":"T","sym":"SPY","i":"52983575889993","x":11,"p":327.4,"s":41,"c":[12,37],"t":1604006306127,"z":1}]
1604006306268333000 || [{"ev":"T","sym":"SPY","i":"52983575889994","x":11,"p":327.4,"s":14,"c":[12,37],"t":1604006306127,"z":1}]
1604006307593468000 || [{"ev":"T","sym":"SPY","i":"62880038072428","x":12,"p":327.38,"s":72,"c":[14,12,37,41],"t":1604006307417,"z":1},{"ev":"T","sym":"SPY","i":"62880038072429","x":12,"p":327.36,"s":100,"c":[14,12,41],"t":1604006307417,"z":1}]
1604006308497798000 || [{"ev":"T","sym":"SPY","i":"52983575889995","x":11,"p":327.44,"s":2,"c":[12,37],"t":1604006308450,"z":1}]
1604006308503256000 || [{"ev":"T","sym":"SPY","i":"52983575889996","x":11,"p":327.44,"s":2,"c":[12,37],"t":1604006308451,"z":1},{"ev":"T","sym":"SPY","i":"52983575889997","x":11,"p":327.44,"s":2,"c":[12,37],"t":1604006308451,"z":1}]
1604006308504874000 || [{"ev":"T","sym":"SPY","i":"52983575889998","x":11,"p":327.44,"s":8,"c":[12,37],"t":1604006308451,"z":1},{"ev":"T","sym":"SPY","i":"52983575889999","x":11,"p":327.44,"s":5,"c":[12,37],"t":1604006308452,"z":1}]
1604006308540197000 || [{"ev":"T","sym":"SPY","i":"52983575890000","x":11,"p":327.44,"s":5,"c":[12,37],"t":1604006308452,"z":1},{"ev":"T","sym":"SPY","i":"52983575890001","x":11,"p":327.44,"s":6,"c":[12,37],"t":1604006308452,"z":1},{"ev":"T","sym":"SPY","i":"52983575890002","x":11,"p":327.44,"s":2,"c":[12,37],"t":1604006308454,"z":1},{"ev":"T","sym":"SPY","i":"52983575890003","x":11,"p":327.44,"s":2,"c":[12,37],"t":1604006308454,"z":1},{"ev":"T","sym":"SPY","i":"52983575890004","x":11,"p":327.44,"s":2,"c":[12,37],"t":1604006308454,"z":1},{"ev":"T","sym":"SPY","i":"52983575890005","x":11,"p":327.44,"s":8,"c":[12,37],"t":1604006308454,"z":1}]
1604006308541759000 || [{"ev":"T","sym":"SPY","i":"52983575890006","x":11,"p":327.44,"s":5,"c":[12,37],"t":1604006308455,"z":1},{"ev":"T","sym":"SPY","i":"52983575890224","x":11,"p":327.44,"s":5,"c":[12,37],"t":1604006308456,"z":1},{"ev":"T","sym":"SPY","i":"52983575890225","x":11,"p":327.44,"s":6,"c":[12,37],"t":1604006308456,"z":1},{"ev":"T","sym":"SPY","i":"52983575890226","x":11,"p":327.44,"s":2,"c":[12,37],"t":1604006308457,"z":1},{"ev":"T","sym":"SPY","i":"52983575890227","x":11,"p":327.44,"s":2,"c":[12,37],"t":1604006308458,"z":1},{"ev":"T","sym":"SPY","i":"52983575890228","x":11,"p":327.44,"s":1,"c":[12,37],"t":1604006308458,"z":1},{"ev":"T","sym":"SPY","i":"52983575890229","x":11,"p":327.44,"s":7,"c":[12,37],"t":1604006308458,"z":1},{"ev":"T","sym":"SPY","i":"52983575890230","x":11,"p":327.44,"s":8,"c":[12,37],"t":1604006308458,"z":1}]
1604006314657486000 || [{"ev":"T","sym":"SPY","i":"52983575890231","x":11,"p":327.43,"s":100,"c":[12],"t":1604006314608,"z":1}]
1604006314673958000 || [{"ev":"T","sym":"SPY","i":"52983575890232","x":11,"p":327.4,"s":14,"c":[12,37],"t":1604006314619,"z":1},{"ev":"T","sym":"SPY","i":"52983575890233","x":11,"p":327.4,"s":10,"c":[12,37],"t":1604006314619,"z":1}]
1604006317527178000 || [{"ev":"T","sym":"SPY","i":"52983575890241","x":11,"p":327.35,"s":1,"c":[12,37],"t":1604006317403,"z":1}]
1604006319680313000 || [{"ev":"T","sym":"SPY","i":"52983575890242","x":11,"p":327.35,"s":168,"c":[14,12,41],"t":1604006319214,"z":1},{"ev":"T","sym":"SPY","i":"62880038072927","x":12,"p":327.35,"s":100,"c":[14,12,41],"t":1604006319214,"z":1}]
1604006319681526000 || [{"ev":"T","sym":"SPY","i":"62880038072928","x":12,"p":327.34,"s":31,"c":[12,37],"t":1604006319223,"z":1}]
1604006320597860000 || [{"ev":"T","sym":"SPY","i":"62880038073140","x":12,"p":327.35,"s":306,"c":[14,12,41],"t":1604006320234,"z":1}]
1604006322414006000 || [{"ev":"T","sym":"SPY","i":"52983527007348","x":8,"p":327.35,"s":33,"c":[12,37,41],"t":1604006322364,"z":1}]
1604006322421415000 || [{"ev":"T","sym":"SPY","i":"52983527207746","x":19,"p":327.35,"s":34,"c":[12,37,41],"t":1604006322364,"z":1},{"ev":"T","sym":"SPY","i":"62880038073169","x":12,"p":327.35,"s":233,"c":[12],"t":1604006322364,"z":1}]
1604006323150335000 || [{"ev":"T","sym":"SPY","i":"62880038073176","x":12,"p":327.35,"s":400,"c":[12],"t":1604006322989,"z":1}]
1604006323151537000 || [{"ev":"T","sym":"SPY","i":"62880038073177","x":12,"p":327.35,"s":220,"c":[14,12,41],"t":1604006323008,"z":1}]
1604006325299663000 || [{"ev":"T","sym":"SPY","i":"62880038073195","x":12,"p":327.35,"s":100,"c":[12],"t":1604006325195,"z":1}]
1604006325301197000 || [{"ev":"T","sym":"SPY","i":"62880038073196","x":12,"p":327.35,"s":4,"c":[12,37],"t":1604006325212,"z":1}]
1604006325303038000 || [{"ev":"T","sym":"SPY","i":"62880038073197","x":12,"p":327.35,"s":55,"c":[12,37],"t":1604006325213,"z":1}]
1604006326234391000 || [{"ev":"T","sym":"SPY","i":"62880038073396","x":12,"p":327.35,"s":500,"c":[14,12,41],"t":1604006326182,"z":1}]
1604006332758302000 || [{"ev":"T","sym":"SPY","i":"52983527207747","x":19,"p":327.35,"s":5,"c":[12,37,41],"t":1604006332708,"z":1}]
1604006333697168000 || [{"ev":"T","sym":"SPY","i":"52983575890243","x":11,"p":327.35,"s":100,"c":[14,12,41],"t":1604006333572,"z":1}]
1604006340563889000 || [{"ev":"T","sym":"SPY","i":"62880038074165","x":12,"p":327.35,"s":50,"c":[14,12,37,41],"t":1604006340479,"z":1}]
1604006353972650000 || [{"ev":"T","sym":"SPY","i":"52983575890244","x":11,"p":327.33,"s":100,"c":[14,12,41],"t":1604006353919,"z":1}]
1604006353976192000 || [{"ev":"T","sym":"SPY","i":"62880038075954","x":12,"p":327.34,"s":69,"c":[14,12,37,41],"t":1604006353919,"z":1}]
1604006354349672000 || [{"ev":"T","sym":"SPY","i":"79376151233619","x":4,"p":327.35,"s":50,"c":[12,37],"t":1604006354295,"z":1}]
1604006355540869000 || [{"ev":"T","sym":"SPY","i":"52983575890245","x":11,"p":327.32,"s":100,"c":[14,12,41],"t":1604006355492,"z":1}]
1604006355542270000 || [{"ev":"T","sym":"SPY","i":"52983575890246","x":11,"p":327.31,"s":20,"c":[14,12,37,41],"t":1604006355492,"z":1},{"ev":"T","sym":"SPY","i":"52983575890247","x":11,"p":327.3,"s":100,"c":[14,12,41],"t":1604006355492,"z":1}]
1604006355542825000 || [{"ev":"T","sym":"SPY","i":"52983575890248","x":11,"p":327.3,"s":20,"c":[14,12,37,41],"t":1604006355492,"z":1},{"ev":"T","sym":"SPY","i":"62880038075973","x":12,"p":327.32,"s":100,"c":[14,12,41],"t":1604006355492,"z":1},{"ev":"T","sym":"SPY","i":"62880038075974","x":12,"p":327.32,"s":233,"c":[14,12,41],"t":1604006355492,"z":1},{"ev":"T","sym":"SPY","i":"62880038075975","x":12,"p":327.3,"s":2,"c":[14,12,37,41],"t":1604006355492,"z":1}]
1604006359501006000 || [{"ev":"T","sym":"SPY","i":"62880038076211","x":12,"p":327.29,"s":5,"c":[12,37],"t":1604006359238,"z":1}]
1604006359559341000 || [{"ev":"T","sym":"SPY","i":"52983575890249","x":11,"p":327.28,"s":2,"c":[14,12,37,41],"t":1604006359513,"z":1}]
1604006359563906000 || [{"ev":"T","sym":"SPY","i":"52983575890250","x":11,"p":327.27,"s":10,"c":[14,12,37,41],"t":1604006359513,"z":1},{"ev":"T","sym":"SPY","i":"52983575890251","x":11,"p":327.25,"s":5,"c":[14,12,37,41],"t":1604006359513,"z":1},{"ev":"T","sym":"SPY","i":"52983575890252","x":11,"p":327.25,"s":1,"c":[14,12,37,41],"t":1604006359513,"z":1},{"ev":"T","sym":"SPY","i":"52983575890253","x":11,"p":327.25,"s":1,"c":[14,12,37,41],"t":1604006359513,"z":1},{"ev":"T","sym":"SPY","i":"52983575890254","x":11,"p":327.24,"s":10,"c":[14,12,37,41],"t":1604006359513,"z":1},{"ev":"T","sym":"SPY","i":"52983575890255","x":11,"p":327.23,"s":100,"c":[14,12,41],"t":1604006359513,"z":1}]
1604006367401416000 || [{"ev":"T","sym":"SPY","i":"71692756733004","x":4,"p":327.21,"s":10,"c":[12,37],"t":1604006367259,"z":1}]
1604006425971155000 || [{"ev":"T","sym":"SPY","i":"52983575890256","x":11,"p":327.23,"s":34,"c":[14,12,37,41],"t":1604006377451,"z":1},{"ev":"T","sym":"SPY","i":"52983575890257","x":11,"p":327.22,"s":3,"c":[14,12,37,41],"t":1604006377451,"z":1}]
1604006425972993000 || [{"ev":"T","sym":"SPY","i":"52983575890258","x":11,"p":327.21,"s":100,"c":[14,12,41],"t":1604006377451,"z":1},{"ev":"T","sym":"SPY","i":"52983575890259","x":11,"p":327.2,"s":5,"c":[14,12,37,41],"t":1604006377452,"z":1},{"ev":"T","sym":"SPY","i":"52983575890260","x":11,"p":327.2,"s":20,"c":[14,12,37,41],"t":1604006377452,"z":1},{"ev":"T","sym":"SPY","i":"52983575890261","x":11,"p":327.2,"s":1,"c":[14,12,37,41],"t":1604006377452,"z":1},{"ev":"T","sym":"SPY","i":"52983575890262","x":11,"p":327.18,"s":1,"c":[14,12,37,41],"t":1604006377452,"z":1},{"ev":"T","sym":"SPY","i":"52983575890480","x":11,"p":327.17,"s":5,"c":[14,12,37,41],"t":1604006377452,"z":1},{"ev":"T","sym":"SPY","i":"52983575890481","x":11,"p":327.16,"s":100,"c":[14,12,41],"t":1604006377452,"z":1}]
1604006425974851000 || [{"ev":"T","sym":"SPY","i":"62880038077521","x":12,"p":327.16,"s":200,"c":[12],"t":1604006381196,"z":1}]
1604006425975880000 || [{"ev":"T","sym":"SPY","i":"62880038077522","x":12,"p":327.16,"s":110,"c":[14,12,41],"t":1604006381213,"z":1}]
1604006425977238000 || [{"ev":"T","sym":"SPY","i":"62880038077523","x":12,"p":327.16,"s":7,"c":[12,37],"t":1604006381214,"z":1}]
1604006425978029000 || [{"ev":"T","sym":"SPY","i":"52983527007351","x":8,"p":327.16,"s":33,"c":[14,12,37,41],"t":1604006383300,"z":1}]
1604006425979135000 || [{"ev":"T","sym":"SPY","i":"52983527207749","x":19,"p":327.16,"s":34,"c":[14,12,37,41],"t":1604006383300,"z":1},{"ev":"T","sym":"SPY","i":"62880038077750","x":12,"p":327.16,"s":595,"c":[14,12,41],"t":1604006383300,"z":1}]
1604006425980085000 || [{"ev":"T","sym":"SPY","i":"52983575890482","x":11,"p":327.11,"s":1,"c":[14,12,37,41],"t":1604006383969,"z":1}]
1604006425980981000 || [{"ev":"T","sym":"SPY","i":"52983575890483","x":11,"p":327.1,"s":10,"c":[14,12,37,41],"t":1604006383970,"z":1},{"ev":"T","sym":"SPY","i":"52983575890484","x":11,"p":327.1,"s":89,"c":[14,12,37,41],"t":1604006383970,"z":1}]
1604006425981871000 || [{"ev":"T","sym":"SPY","i":"62880038077794","x":12,"p":327.16,"s":100,"c":[14,12,41],"t":1604006384768,"z":1}]
1604006425983663000 || [{"ev":"T","sym":"SPY","i":"62880038078040","x":12,"p":327.16,"s":135,"c":[12],"t":1604006389731,"z":1},{"ev":"T","sym":"SPY","i":"62880038078041","x":12,"p":327.23,"s":365,"c":[12],"t":1604006389731,"z":1}]
1604006425984441000 || [{"ev":"T","sym":"SPY","i":"52983575890485","x":11,"p":327.16,"s":25,"c":[12,37],"t":1604006389731,"z":1}]
1604006426017949000 || [{"ev":"T","sym":"SPY","i":"52983575890486","x":11,"p":327.16,"s":300,"c":[14,12,41],"t":1604006390421,"z":1}]
1604006426020158000 || [{"ev":"T","sym":"SPY","i":"52983527207751","x":19,"p":327.16,"s":34,"c":[14,12,37,41],"t":1604006397443,"z":1}]
1604006426021845000 || [{"ev":"T","sym":"SPY","i":"52983527007353","x":8,"p":327.16,"s":33,"c":[14,12,37,41],"t":1604006397443,"z":1},{"ev":"T","sym":"SPY","i":"62880038078543","x":12,"p":327.16,"s":200,"c":[14,12,41],"t":1604006397443,"z":1}]
1604006426023777000 || [{"ev":"T","sym":"SPY","i":"52983527207752","x":19,"p":327.16,"s":34,"c":[14,12,37,41],"t":1604006397522,"z":1}]
1604006426024992000 || [{"ev":"T","sym":"SPY","i":"52983527007354","x":8,"p":327.16,"s":33,"c":[14,12,37,41],"t":1604006397522,"z":1},{"ev":"T","sym":"SPY","i":"62880038078544","x":12,"p":327.15,"s":25,"c":[14,12,37,41],"t":1604006397522,"z":1},{"ev":"T","sym":"SPY","i":"62880038078545","x":12,"p":327.16,"s":175,"c":[14,12,41],"t":1604006397522,"z":1}]
1604006426025833000 || [{"ev":"T","sym":"SPY","i":"52983527007536","x":8,"p":327.16,"s":33,"c":[14,12,37,41],"t":1604006397530,"z":1},{"ev":"T","sym":"SPY","i":"52983527207753","x":19,"p":327.16,"s":34,"c":[14,12,37,41],"t":1604006397530,"z":1}]
1604006426026847000 || [{"ev":"T","sym":"SPY","i":"62880038078546","x":12,"p":327.16,"s":200,"c":[14,12,41],"t":1604006397530,"z":1}]
1604006426027437000 || [{"ev":"T","sym":"SPY","i":"52983575890487","x":11,"p":327.16,"s":100,"c":[14,12,41],"t":1604006397675,"z":1}]
1604006426028872000 || [{"ev":"T","sym":"SPY","i":"52983575890488","x":11,"p":327.29,"s":7,"c":[12,37],"t":1604006400421,"z":1}]
1604006426056049000 || [{"ev":"T","sym":"SPY","i":"62880038079294","x":12,"p":327.16,"s":300,"c":[14,12,41],"t":1604006408030,"z":1}]
1604006426058930000 || [{"ev":"T","sym":"SPY","i":"52983527207754","x":19,"p":327.16,"s":2,"c":[12,37,41],"t":1604006416310,"z":1}]
1604006426060785000 || [{"ev":"T","sym":"SPY","i":"52983575890489","x":11,"p":327.29,"s":67,"c":[14,12,37,41],"t":1604006419940,"z":1}]
1604006426061810000 || [{"ev":"T","sym":"SPY","i":"52983575890497","x":11,"p":327.33,"s":100,"c":[14,12,41],"t":1604006419940,"z":1},{"ev":"T","sym":"SPY","i":"52983527207755","x":19,"p":327.16,"s":34,"c":[14,12,37,41],"t":1604006419941,"z":1},{"ev":"T","sym":"SPY","i":"52983527007541","x":8,"p":327.16,"s":33,"c":[14,12,37,41],"t":1604006419941,"z":1},{"ev":"T","sym":"SPY","i":"62880038079578","x":12,"p":327.16,"s":50,"c":[14,12,37,41],"t":1604006419941,"z":1},{"ev":"T","sym":"SPY","i":"62880038079579","x":12,"p":327.23,"s":50,"c":[14,12,37,41],"t":1604006419941,"z":1},{"ev":"T","sym":"SPY","i":"52983527007542","x":8,"p":327.16,"s":33,"c":[12,37,41],"t":1604006419941,"z":1},{"ev":"T","sym":"SPY","i":"52983527007543","x":8,"p":327.16,"s":67,"c":[12,37,41],"t":1604006419941,"z":1}]
1604006426062922000 || [{"ev":"T","sym":"SPY","i":"52983575890498","x":11,"p":327.33,"s":100,"c":[14,12,41],"t":1604006420068,"z":1}]
1604006426063506000 || [{"ev":"T","sym":"SPY","i":"52983527207756","x":19,"p":327.16,"s":34,"c":[14,12,37,41],"t":1604006420068,"z":1},{"ev":"T","sym":"SPY","i":"52983527007544","x":8,"p":327.16,"s":33,"c":[14,12,37,41],"t":1604006420068,"z":1},{"ev":"T","sym":"SPY","i":"62880038079580","x":12,"p":327.2,"s":33,"c":[14,12,37,41],"t":1604006420068,"z":1},{"ev":"T","sym":"SPY","i":"62880038079581","x":12,"p":327.2,"s":67,"c":[14,12,37,41],"t":1604006420068,"z":1},{"ev":"T","sym":"SPY","i":"62880038079582","x":12,"p":327.23,"s":50,"c":[14,12,37,41],"t":1604006420068,"z":1},{"ev":"T","sym":"SPY","i":"62880038079583","x":12,"p":327.23,"s":100,"c":[12],"t":1604006420069,"z":1},{"ev":"T","sym":"SPY","i":"52983527007545","x":8,"p":327.16,"s":33,"c":[12,37,41],"t":1604006420069,"z":1},{"ev":"T","sym":"SPY","i":"52983527007546","x":8,"p":327.16,"s":151,"c":[12,41],"t":1604006420069,"z":1}]
1604006426090713000 || [{"ev":"T","sym":"SPY","i":"52983575890499","x":11,"p":327.18,"s":169,"c":[14,12,41],"t":1604006420312,"z":1}]
1604006426091862000 || [{"ev":"T","sym":"SPY","i":"52983575890500","x":11,"p":327.14,"s":100,"c":[12],"t":1604006420492,"z":1}]
1604006426093009000 || [{"ev":"T","sym":"SPY","i":"52983527207757","x":19,"p":327.16,"s":34,"c":[14,12,37,41],"t":1604006420564,"z":1},{"ev":"T","sym":"SPY","i":"52983527007547","x":8,"p":327.16,"s":33,"c":[14,12,37,41],"t":1604006420564,"z":1}]
1604006426094856000 || [{"ev":"T","sym":"SPY","i":"62880038079588","x":12,"p":327.16,"s":37,"c":[14,12,37,41],"t":1604006420564,"z":1},{"ev":"T","sym":"SPY","i":"62880038079589","x":12,"p":327.2,"s":33,"c":[14,12,37,41],"t":1604006420564,"z":1},{"ev":"T","sym":"SPY","i":"62880038079590","x":12,"p":327.2,"s":151,"c":[14,12,41],"t":1604006420564,"z":1},{"ev":"T","sym":"SPY","i":"52983527207758","x":19,"p":327.16,"s":2,"c":[12,37,41],"t":1604006420564,"z":1},{"ev":"T","sym":"SPY","i":"52983527007548","x":8,"p":327.16,"s":4,"c":[12,37,41],"t":1604006420564,"z":1}]
1604006426095690000 || [{"ev":"T","sym":"SPY","i":"52983575890501","x":11,"p":327.33,"s":8,"c":[12,37],"t":1604006423309,"z":1}]
1604006426096835000 || [{"ev":"T","sym":"SPY","i":"52983527007549","x":8,"p":327.16,"s":29,"c":[12,37,41],"t":1604006425936,"z":1}]
1604006426097565000 || [{"ev":"T","sym":"SPY","i":"52983527007550","x":8,"p":327.16,"s":1,"c":[12,37,41],"t":1604006425941,"z":1}]
1604006428071893000 || [{"ev":"T","sym":"SPY","i":"52983575890502","x":11,"p":327.15,"s":100,"c":[14,12,41],"t":1604006427968,"z":1}]
1604006428073647000 || [{"ev":"T","sym":"SPY","i":"52983527207759","x":19,"p":327.15,"s":300,"c":[14,12,41],"t":1604006427968,"z":1}]
1604006432597730000 || [{"ev":"T","sym":"SPY","i":"52983527007551","x":8,"p":327.16,"s":50,"c":[12,37,41],"t":1604006432571,"z":1}]
1604006432606532000 || [{"ev":"T","sym":"SPY","i":"62879184149325","x":2,"p":327.16,"s":49,"c":[12,37],"t":1604006432572,"z":1}]
1604006432607608000 || [{"ev":"T","sym":"SPY","i":"52983575890503","x":11,"p":327.15,"s":1,"c":[12,37],"t":1604006432574,"z":1}]
1604006440066212000 || [{"ev":"T","sym":"SPY","i":"52983575890504","x":11,"p":327.15,"s":9,"c":[14,12,37,41],"t":1604006439949,"z":1}]
1604006440067805000 || [{"ev":"T","sym":"SPY","i":"52983575890505","x":11,"p":327.15,"s":300,"c":[14,12,41],"t":1604006439949,"z":1}]
1604006440068631000 || [{"ev":"T","sym":"SPY","i":"62880038080846","x":12,"p":327.15,"s":91,"c":[12,37],"t":1604006439949,"z":1}]
1604006443362138000 || [{"ev":"T","sym":"SPY","i":"62880038081089","x":12,"p":327.23,"s":1,"c":[12,37],"t":1604006443333,"z":1}]
1604006446012642000 || [{"ev":"T","sym":"SPY","i":"62880038081117","x":12,"p":327.15,"s":9,"c":[14,12,37,41],"t":1604006445934,"z":1}]
1604006446014192000 || [{"ev":"T","sym":"SPY","i":"52983527207760","x":19,"p":327.13,"s":391,"c":[14,12,41],"t":1604006445935,"z":1}]
1604006447039222000 || [{"ev":"T","sym":"SPY","i":"79376151234389","x":4,"p":327.29,"s":25,"c":[12,37],"t":1604006446916,"z":1}]
1604006447041115000 || [{"ev":"T","sym":"SPY","i":"52983575890506","x":11,"p":327.13,"s":54,"c":[12,37],"t":1604006446937,"z":1}]
1604006449385687000 || [{"ev":"T","sym":"SPY","i":"52983575890507","x":11,"p":327.26,"s":1,"c":[12,37],"t":1604006449103,"z":1}]
1604006453074678000 || [{"ev":"T","sym":"SPY","i":"52983575890508","x":11,"p":327.16,"s":50,"c":[12,37],"t":1604006452985,"z":1}]
1604006456142004000 || [{"ev":"T","sym":"SPY","i":"62880038081633","x":12,"p":327.23,"s":60,"c":[12,37],"t":1604006456060,"z":1}]
1604006457167818000 || [{"ev":"T","sym":"GLD","i":"71692756791635","x":4,"p":175.12,"s":1,"c":[12,37],"t":1604006457074,"z":1},{"ev":"T","sym":"GLD","i":"79376151234613","x":4,"p":175.1,"s":2,"c":[12,37],"t":1604006457074,"z":1}]
1604006462930844000 || [{"ev":"T","sym":"SPY","i":"52983575890509","x":11,"p":327.16,"s":5,"c":[12,37],"t":1604006462733,"z":1}]
1604006462931817000 || [{"ev":"T","sym":"SPY","i":"52983575890510","x":11,"p":327.16,"s":1,"c":[14,12,37,41],"t":1604006462738,"z":1}]
1604006467103173000 || [{"ev":"T","sym":"SPY","i":"52983575890511","x":11,"p":327.17,"s":100,"c":[14,12,41],"t":1604006466872,"z":1}]
1604006469168239000 || [{"ev":"T","sym":"SPY","i":"52983575890512","x":11,"p":327.17,"s":2,"c":[12,37],"t":1604006469041,"z":1}]
1604006474172139000 || [{"ev":"T","sym":"SPY","i":"52983527207761","x":19,"p":327.15,"s":300,"c":[14,12,41],"t":1604006474063,"z":1},{"ev":"T","sym":"SPY","i":"52983527207762","x":19,"p":327.13,"s":20,"c":[14,12,37,41],"t":1604006474063,"z":1}]
1604006474173323000 || [{"ev":"T","sym":"SPY","i":"52983527207763","x":19,"p":327.12,"s":300,"c":[14,12,41],"t":1604006474063,"z":1},{"ev":"T","sym":"SPY","i":"52983527207764","x":19,"p":327.05,"s":300,"c":[14,12,41],"t":1604006474063,"z":1},{"ev":"T","sym":"SPY","i":"52983527207765","x":19,"p":327,"s":100,"c":[14,12,41],"t":1604006474063,"z":1},{"ev":"T","sym":"SPY","i":"52983527207766","x":19,"p":327,"s":300,"c":[14,12,41],"t":1604006474063,"z":1},{"ev":"T","sym":"SPY","i":"52983575890513","x":11,"p":327.16,"s":44,"c":[14,12,37,41],"t":1604006474063,"z":1},{"ev":"T","sym":"SPY","i":"52983575890514","x":11,"p":327.15,"s":100,"c":[14,12,41],"t":1604006474063,"z":1},{"ev":"T","sym":"SPY","i":"52983575890515","x":11,"p":327.14,"s":5,"c":[14,12,37,41],"t":1604006474063,"z":1},{"ev":"T","sym":"SPY","i":"52983575890516","x":11,"p":327.13,"s":115,"c":[14,12,41],"t":1604006474063,"z":1},{"ev":"T","sym":"SPY","i":"52983527007552","x":8,"p":327,"s":1,"c":[14,12,37,41],"t":1604006474063,"z":1},{"ev":"T","sym":"SPY","i":"52983527007553","x":8,"p":327,"s":100,"c":[14,12,41],"t":1604006474063,"z":1}]
1604006474174217000 || [{"ev":"T","sym":"SPY","i":"52983575890517","x":11,"p":327.12,"s":100,"c":[14,12,41],"t":1604006474063,"z":1}]
1604006474175105000 || [{"ev":"T","sym":"SPY","i":"52983575890518","x":11,"p":327.1,"s":411,"c":[14,12,41],"t":1604006474063,"z":1},{"ev":"T","sym":"SPY","i":"52983575890736","x":11,"p":327.1,"s":20,"c":[14,12,37,41],"t":1604006474063,"z":1},{"ev":"T","sym":"SPY","i":"52983575890737","x":11,"p":327.09,"s":20,"c":[14,12,37,41],"t":1604006474063,"z":1},{"ev":"T","sym":"SPY","i":"52983575890738","x":11,"p":327.08,"s":10,"c":[14,12,37,41],"t":1604006474063,"z":1},{"ev":"T","sym":"SPY","i":"52983575890739","x":11,"p":327.08,"s":169,"c":[14,12,41],"t":1604006474063,"z":1},{"ev":"T","sym":"SPY","i":"52983575890740","x":11,"p":327.07,"s":5,"c":[14,12,37,41],"t":1604006474063,"z":1},{"ev":"T","sym":"SPY","i":"52983575890741","x":11,"p":327.06,"s":150,"c":[14,12,41],"t":1604006474063,"z":1},{"ev":"T","sym":"SPY","i":"52983575890742","x":11,"p":327.05,"s":50,"c":[14,12,37,41],"t":1604006474063,"z":1},{"ev":"T","sym":"SPY","i":"52983575890743","x":11,"p":327.05,"s":100,"c":[14,12,41],"t":1604006474063,"z":1},{"ev":"T","sym":"SPY","i":"52983575890744","x":11,"p":327.04,"s":1,"c":[14,12,37,41],"t":1604006474063,"z":1},{"ev":"T","sym":"SPY","i":"52983575890745","x":11,"p":327.03,"s":5,"c":[14,12,37,41],"t":1604006474063,"z":1}]
1604006474176025000 || [{"ev":"T","sym":"SPY","i":"52983575890753","x":11,"p":327.02,"s":1,"c":[14,12,37,41],"t":1604006474063,"z":1},{"ev":"T","sym":"SPY","i":"52983575890754","x":11,"p":327.02,"s":100,"c":[14,12,41],"t":1604006474063,"z":1},{"ev":"T","sym":"SPY","i":"52983575890755","x":11,"p":327.01,"s":10,"c":[14,12,37,41],"t":1604006474063,"z":1},{"ev":"T","sym":"SPY","i":"52983575890756","x":11,"p":327.01,"s":5,"c":[14,12,37,41],"t":1604006474063,"z":1},{"ev":"T","sym":"SPY","i":"52983575890757","x":11,"p":327.01,"s":1,"c":[14,12,37,41],"t":1604006474063,"z":1},{"ev":"T","sym":"SPY","i":"52983575890758","x":11,"p":327.01,"s":15,"c":[14,12,37,41],"t":1604006474063,"z":1},{"ev":"T","sym":"SPY","i":"52983575890759","x":11,"p":327.01,"s":100,"c":[14,12,41],"t":1604006474063,"z":1},{"ev":"T","sym":"SPY","i":"52983575890760","x":11,"p":327,"s":5,"c":[14,12,37,41],"t":1604006474063,"z":1}]
1604006474176733000 || [{"ev":"T","sym":"SPY","i":"52983575890761","x":11,"p":327,"s":50,"c":[14,12,37,41],"t":1604006474063,"z":1}]
1604006474215263000 || [{"ev":"T","sym":"SPY","i":"52983575890762","x":11,"p":327,"s":10,"c":[14,12,37,41],"t":1604006474063,"z":1}]
1604006474220770000 || [{"ev":"T","sym":"SPY","i":"52983575890763","x":11,"p":327,"s":4,"c":[14,12,37,41],"t":1604006474063,"z":1},{"ev":"T","sym":"SPY","i":"62880038082384","x":12,"p":327.15,"s":100,"c":[14,12,41],"t":1604006474063,"z":1},{"ev":"T","sym":"SPY","i":"52983575890764","x":11,"p":327,"s":3,"c":[14,12,37,41],"t":1604006474063,"z":1},{"ev":"T","sym":"SPY","i":"52983575890765","x":11,"p":327,"s":50,"c":[14,12,37,41],"t":1604006474063,"z":1},{"ev":"T","sym":"SPY","i":"52983575890766","x":11,"p":327,"s":19,"c":[14,12,37,41],"t":1604006474063,"z":1},{"ev":"T","sym":"SPY","i":"62880038082385","x":12,"p":327.13,"s":300,"c":[14,12,41],"t":1604006474063,"z":1},{"ev":"T","sym":"SPY","i":"52983575890767","x":11,"p":327,"s":1,"c":[14,12,37,41],"t":1604006474063,"z":1},{"ev":"T","sym":"SPY","i":"52983575890768","x":11,"p":327,"s":1,"c":[14,12,37,41],"t":1604006474063,"z":1},{"ev":"T","sym":"SPY","i":"62880038082386","x":12,"p":327.12,"s":100,"c":[14,12,41],"t":1604006474063,"z":1},{"ev":"T","sym":"SPY","i":"52983575890769","x":11,"p":327,"s":6,"c":[14,12,37,41],"t":1604006474063,"z":1}]
1604006474221645000 || [{"ev":"T","sym":"SPY","i":"62880038082387","x":12,"p":327.1,"s":5,"c":[14,12,37,41],"t":1604006474063,"z":1},{"ev":"T","sym":"SPY","i":"52983575890770","x":11,"p":327,"s":1,"c":[14,12,37,41],"t":1604006474063,"z":1},{"ev":"T","sym":"SPY","i":"52983575890771","x":11,"p":327,"s":10,"c":[14,12,37,41],"t":1604006474063,"z":1},{"ev":"T","sym":"SPY","i":"62880038082388","x":12,"p":327.05,"s":100,"c":[14,12,41],"t":1604006474063,"z":1}]
1604006474223242000 || [{"ev":"T","sym":"SPY","i":"52983575890772","x":11,"p":327,"s":50,"c":[14,12,37,41],"t":1604006474063,"z":1},{"ev":"T","sym":"SPY","i":"62880038082389","x":12,"p":327,"s":800,"c":[14,12,41],"t":1604006474063,"z":1},{"ev":"T","sym":"SPY","i":"52983575890773","x":11,"p":327,"s":20,"c":[14,12,37,41],"t":1604006474063,"z":1},{"ev":"T","sym":"SPY","i":"62880038082390","x":12,"p":327,"s":700,"c":[14,12,41],"t":1604006474063,"z":1},{"ev":"T","sym":"SPY","i":"52983575890774","x":11,"p":327,"s":5,"c":[14,12,37,41],"t":1604006474063,"z":1},{"ev":"T","sym":"SPY","i":"52983575890992","x":11,"p":327,"s":10,"c":[14,12,37,41],"t":1604006474063,"z":1},{"ev":"T","sym":"SPY","i":"52983575890993","x":11,"p":327,"s":50,"c":[14,12,37,41],"t":1604006474063,"z":1},{"ev":"T","sym":"SPY","i":"52983575890994","x":11,"p":327,"s":25,"c":[14,12,37,41],"t":1604006474063,"z":1},{"ev":"T","sym":"SPY","i":"52983575890995","x":11,"p":327,"s":100,"c":[14,12,41],"t":1604006474063,"z":1},{"ev":"T","sym":"SPY","i":"52983575890996","x":11,"p":327,"s":2400,"c":[14,12,41],"t":1604006474063,"z":1},{"ev":"T","sym":"SPY","i":"52983575890997","x":11,"p":327,"s":25,"c":[14,12,37,41],"t":1604006474063,"z":1},{"ev":"T","sym":"SPY","i":"52983575890998","x":11,"p":327,"s":25,"c":[14,12,37,41],"t":1604006474063,"z":1},{"ev":"T","sym":"SPY","i":"52983575890999","x":11,"p":327,"s":100,"c":[14,12,41],"t":1604006474063,"z":1},{"ev":"T","sym":"SPY","i":"52983575891000","x":11,"p":327,"s":50,"c":[14,12,37,41],"t":1604006474063,"z":1},{"ev":"T","sym":"SPY","i":"52983575891001","x":11,"p":327,"s":1,"c":[14,12,37,41],"t":1604006474063,"z":1},{"ev":"T","sym":"SPY","i":"52983575891009","x":11,"p":327,"s":7,"c":[14,12,37,41],"t":1604006474063,"z":1},{"ev":"T","sym":"SPY","i":"52983575891010","x":11,"p":327,"s":50,"c":[14,12,37,41],"t":1604006474063,"z":1},{"ev":"T","sym":"SPY","i":"52983575891011","x":11,"p":327,"s":100,"c":[14,12,41],"t":1604006474063,"z":1},{"ev":"T","sym":"SPY","i":"52983575891012","x":11,"p":327,"s":10,"c":[14,12,37,41],"t":1604006474063,"z":1},{"ev":"T","sym":"SPY","i":"52983575891013","x":11,"p":327,"s":10,"c":[14,12,37,41],"t":1604006474063,"z":1},{"ev":"T","sym":"SPY","i":"52983575891014","x":11,"p":327,"s":50,"c":[14,12,37,41],"t":1604006474063,"z":1},{"ev":"T","sym":"SPY","i":"52983575891015","x":11,"p":327,"s":300,"c":[14,12,41],"t":1604006474063,"z":1},{"ev":"T","sym":"SPY","i":"52983575891016","x":11,"p":327,"s":1,"c":[14,12,37,41],"t":1604006474063,"z":1},{"ev":"T","sym":"SPY","i":"52983575891017","x":11,"p":327,"s":200,"c":[14,12,41],"t":1604006474063,"z":1}]
1604006474224265000 || [{"ev":"T","sym":"SPY","i":"52983575891018","x":11,"p":327,"s":1,"c":[14,12,37,41],"t":1604006474063,"z":1}]
1604006474224984000 || [{"ev":"T","sym":"SPY","i":"52983575891019","x":11,"p":327,"s":4,"c":[14,12,37,41],"t":1604006474063,"z":1},{"ev":"T","sym":"SPY","i":"52983575891020","x":11,"p":327,"s":100,"c":[14,12,41],"t":1604006474063,"z":1},{"ev":"T","sym":"SPY","i":"52983575891021","x":11,"p":327,"s":200,"c":[14,12,41],"t":1604006474063,"z":1}]
1604006474225941000 || [{"ev":"T","sym":"SPY","i":"52983575891022","x":11,"p":327.17,"s":98,"c":[14,12,37,41],"t":1604006474095,"z":1}]
1604006474226904000 || [{"ev":"T","sym":"SPY","i":"62880038082396","x":12,"p":327,"s":100,"c":[14,12,41],"t":1604006474095,"z":1},{"ev":"T","sym":"SPY","i":"62880038082397","x":12,"p":327,"s":6,"c":[14,12,37,41],"t":1604006474095,"z":1}]
1604006474993023000 || [{"ev":"T","sym":"SPY","i":"62880038082410","x":12,"p":326.99,"s":5,"c":[14,12,37,41],"t":1604006474962,"z":1}]
1604006476647713000 || [{"ev":"T","sym":"SPY","i":"62880038082633","x":12,"p":327,"s":100,"c":[14,12,41],"t":1604006476556,"z":1},{"ev":"T","sym":"SPY","i":"52983575891023","x":11,"p":327,"s":100,"c":[14,12,41],"t":1604006476561,"z":1}]
1604006477319243000 || [{"ev":"T","sym":"SPY","i":"62880038082641","x":12,"p":327,"s":100,"c":[14,12,41],"t":1604006477192,"z":1}]
1604006477321046000 || [{"ev":"T","sym":"SPY","i":"52983575891024","x":11,"p":327,"s":100,"c":[14,12,41],"t":1604006477200,"z":1}]
1604006481345388000 || [{"ev":"T","sym":"SPY","i":"62880038082874","x":12,"p":326.99,"s":5,"c":[14,12,37,41],"t":1604006481247,"z":1}]
1604006485330819000 || [{"ev":"T","sym":"SPY","i":"62880038082913","x":12,"p":327,"s":100,"c":[14,12,41],"t":1604006485269,"z":1}]
1604006485331748000 || [{"ev":"T","sym":"SPY","i":"62880038082914","x":12,"p":327,"s":400,"c":[14,12,41],"t":1604006485269,"z":1}]
1604006485953075000 || [{"ev":"T","sym":"SPY","i":"62880038082924","x":12,"p":327,"s":100,"c":[14,12,41],"t":1604006485865,"z":1}]
1604006487179576000 || [{"ev":"T","sym":"SPY","i":"62880038083127","x":12,"p":327,"s":100,"c":[14,12,41],"t":1604006487034,"z":1},{"ev":"T","sym":"SPY","i":"62880038083128","x":12,"p":327,"s":400,"c":[14,12,41],"t":1604006487034,"z":1}]
1604006487749486000 || [{"ev":"T","sym":"SPY","i":"52983527207767","x":19,"p":326.95,"s":300,"c":[14,12,41],"t":1604006487558,"z":1},{"ev":"T","sym":"SPY","i":"52983527207768","x":19,"p":326.9,"s":300,"c":[14,12,41],"t":1604006487558,"z":1}]
1604006487751198000 || [{"ev":"T","sym":"SPY","i":"52983575891025","x":11,"p":326.99,"s":300,"c":[14,12,41],"t":1604006487558,"z":1},{"ev":"T","sym":"SPY","i":"52983575891026","x":11,"p":326.98,"s":5,"c":[14,12,37,41],"t":1604006487558,"z":1},{"ev":"T","sym":"SPY","i":"52983575891027","x":11,"p":326.95,"s":5,"c":[14,12,37,41],"t":1604006487558,"z":1},{"ev":"T","sym":"SPY","i":"52983575891028","x":11,"p":326.95,"s":100,"c":[14,12,41],"t":1604006487558,"z":1}]
1604006487752050000 || [{"ev":"T","sym":"SPY","i":"52983575891029","x":11,"p":326.93,"s":2,"c":[14,12,37,41],"t":1604006487558,"z":1},{"ev":"T","sym":"SPY","i":"52983575891030","x":11,"p":326.93,"s":5,"c":[14,12,37,41],"t":1604006487558,"z":1},{"ev":"T","sym":"SPY","i":"52983575891248","x":11,"p":326.9,"s":11,"c":[14,12,37,41],"t":1604006487558,"z":1},{"ev":"T","sym":"SPY","i":"52983575891249","x":11,"p":326.9,"s":10,"c":[14,12,37,41],"t":1604006487558,"z":1},{"ev":"T","sym":"SPY","i":"52983575891250","x":11,"p":326.9,"s":20,"c":[14,12,37,41],"t":1604006487558,"z":1},{"ev":"T","sym":"SPY","i":"52983575891251","x":11,"p":326.9,"s":1,"c":[14,12,37,41],"t":1604006487558,"z":1},{"ev":"T","sym":"SPY","i":"52983575891252","x":11,"p":326.9,"s":25,"c":[14,12,37,41],"t":1604006487558,"z":1},{"ev":"T","sym":"SPY","i":"52983575891253","x":11,"p":326.9,"s":1,"c":[14,12,37,41],"t":1604006487558,"z":1},{"ev":"T","sym":"SPY","i":"52983575891254","x":11,"p":326.9,"s":100,"c":[14,12,41],"t":1604006487558,"z":1}]
1604006487754050000 || [{"ev":"T","sym":"SPY","i":"62880038083139","x":12,"p":326.95,"s":100,"c":[14,12,41],"t":1604006487558,"z":1}]
1604006487789662000 || [{"ev":"T","sym":"SPY","i":"62880038083140","x":12,"p":326.9,"s":100,"c":[14,12,41],"t":1604006487558,"z":1},{"ev":"T","sym":"SPY","i":"52983575891255","x":11,"p":326.88,"s":3,"c":[14,12,37,41],"t":1604006487562,"z":1},{"ev":"T","sym":"SPY","i":"52983575891256","x":11,"p":326.88,"s":100,"c":[14,12,41],"t":1604006487562,"z":1},{"ev":"T","sym":"SPY","i":"62880038083141","x":12,"p":326.89,"s":100,"c":[14,12,41],"t":1604006487562,"z":1},{"ev":"T","sym":"SPY","i":"62880038083142","x":12,"p":326.9,"s":100,"c":[14,12,41],"t":1604006487562,"z":1}]
1604006487790876000 || [{"ev":"T","sym":"SPY","i":"62880038083143","x":12,"p":326.9,"s":9798,"c":[14,12,41],"t":1604006487562,"z":1}]
1604006490353240000 || [{"ev":"T","sym":"SPY","i":"52983575891257","x":11,"p":327.02,"s":85,"c":[14,12,37,41],"t":1604006490211,"z":1}]
1604006490355520000 || [{"ev":"T","sym":"SPY","i":"52983575891265","x":11,"p":327,"s":100,"c":[14,12,41],"t":1604006490211,"z":1}]
1604006492197045000 || [{"ev":"T","sym":"SPY","i":"79376151234882","x":4,"p":326.91,"s":50,"c":[12,37],"t":1604006492109,"z":1}]
1604006492913750000 || [{"ev":"T","sym":"SPY","i":"62880038083385","x":12,"p":327,"s":115,"c":[14,12,41],"t":1604006492796,"z":1},{"ev":"T","sym":"SPY","i":"52983575891266","x":11,"p":327,"s":115,"c":[14,12,41],"t":1604006492796,"z":1}]
1604006492915120000 || [{"ev":"T","sym":"SPY","i":"62880038083386","x":12,"p":327,"s":85,"c":[12,37],"t":1604006492798,"z":1}]
