,date_time,price,volume,epoch
1041,2020-09-11 13:33:42.960383232,182.99,20,1599831222960383232
1042,2020-09-11 13:33:42.960383232,182.99,80,1599831222960383232
1043,2020-09-11 13:33:42.960418560,182.99,20,1599831222960418560
1044,2020-09-11 13:33:42.960418560,182.99,100,1599831222960418560
1045,2020-09-11 13:33:42.962262784,182.9947,20,1599831222962262784
1046,2020-09-11 13:33:42.962668800,182.995,80,1599831222962668800
1047,2020-09-11 13:33:43.952075264,182.99,100,1599831223952075264
1048,2020-09-11 13:33:44.647307776,182.9999,75,1599831224647307776
1049,2020-09-11 13:33:44.754312960,183.0,25,1599831224754312960
1050,2020-09-11 13:33:46.438098944,183.0,20,1599831226438098944
1051,2020-09-11 13:33:47.007230976,183.0034,172,1599831227007230976
1052,2020-09-11 13:33:47.179194112,182.99,1,1599831227179194112
1053,2020-09-11 13:33:47.256366592,182.99,1,1599831227256366592
1054,2020-09-11 13:33:51.931714560,183.0063,12,1599831231931714560
1055,2020-09-11 13:33:53.367678208,183.0068,15,1599831233367678208
1056,2020-09-11 13:33:54.700321280,183.0,100,1599831234700321280
1057,2020-09-11 13:33:54.707078400,183.0,2,1599831234707078400
1058,2020-09-11 13:33:55.394277632,183.0,80,1599831235394277632
1059,2020-09-11 13:33:56.992903936,183.0,200,1599831236992903936
1060,2020-09-11 13:33:58.065496576,183.01,100,1599831238065496576
1061,2020-09-11 13:33:59.443126272,183.02,800,1599831239443126272
1062,2020-09-11 13:33:59.443184896,183.02,100,1599831239443184896
1063,2020-09-11 13:33:59.443280128,183.02,75,1599831239443280128
1064,2020-09-11 13:33:59.443387136,183.02,100,1599831239443387136
1065,2020-09-11 13:33:59.443390464,183.02,100,1599831239443390464
1066,2020-09-11 13:33:59.443395328,183.02,1000,1599831239443395328
1067,2020-09-11 13:33:59.443405312,183.02,100,1599831239443405312
1068,2020-09-11 13:33:59.443410432,183.02,1000,1599831239443410432
1069,2020-09-11 13:33:59.443415296,183.02,200,1599831239443415296
1070,2020-09-11 13:33:59.443420416,183.02,1000,1599831239443420416
1071,2020-09-11 13:33:59.443550720,183.02,75,1599831239443550720
1072,2020-09-11 13:33:59.443617280,183.02,100,1599831239443617280
1073,2020-09-11 13:33:59.443617280,183.02,100,1599831239443617280
1074,2020-09-11 13:33:59.890228480,183.0351,50,1599831239890228480
1075,2020-09-11 13:34:00.602254336,183.01,1,1599831240602254336
1076,2020-09-11 13:34:05.072963328,183.0,4,1599831245072963328
1077,2020-09-11 13:34:06.176726272,183.02,1,1599831246176726272
1078,2020-09-11 13:34:06.176729600,183.02,14,1599831246176729600
1079,2020-09-11 13:34:06.179816960,183.0199,1,1599831246179816960
1080,2020-09-11 13:34:06.179846912,183.0199,14,1599831246179846912
1081,2020-09-11 13:34:06.666376704,183.02,100,1599831246666376704
1082,2020-09-11 13:34:07.916484608,183.0101,1,1599831247916484608
1083,2020-09-11 13:34:09.462502400,183.0282,27,1599831249462502400
1084,2020-09-11 13:34:09.564908288,183.04,1,1599831249564908288
1085,2020-09-11 13:34:10.975620352,183.0219,55,1599831250975620352
1086,2020-09-11 13:34:11.371492864,183.02,1,1599831251371492864
1087,2020-09-11 13:34:14.185084672,183.06,10,1599831254185084672
1088,2020-09-11 13:34:14.302171648,183.06,10,1599831254302171648
1089,2020-09-11 13:34:15.947396608,183.06,1,1599831255947396608
1090,2020-09-11 13:34:15.947396608,183.06,100,1599831255947396608
1091,2020-09-11 13:34:18.416876032,183.0299,5,1599831258416876032
1092,2020-09-11 13:34:18.511345152,183.01,80,1599831258511345152
1093,2020-09-11 13:34:18.574169856,183.0299,660,1599831258574169856
1094,2020-09-11 13:34:20.790699264,183.01,1,1599831260790699264
1095,2020-09-11 13:34:20.791706880,183.015,1,1599831260791706880
1096,2020-09-11 13:34:20.791706880,183.01,99,1599831260791706880
1097,2020-09-11 13:34:25.174806272,183.0,40,1599831265174806272
1098,2020-09-11 13:34:25.174836480,183.0,40,1599831265174836480
1099,2020-09-11 13:34:25.174851328,183.0,20,1599831265174851328
1100,2020-09-11 13:34:29.360487168,183.0,2,1599831269360487168
1101,2020-09-11 13:34:29.810238464,183.0,198,1599831269810238464
1102,2020-09-11 13:34:31.656338176,182.99,100,1599831271656338176
1103,2020-09-11 13:34:31.656338176,182.99,100,1599831271656338176
1104,2020-09-11 13:34:31.656342784,182.99,100,1599831271656342784
1105,2020-09-11 13:34:31.656353280,182.99,100,1599831271656353280
1106,2020-09-11 13:34:31.656357888,182.99,100,1599831271656357888
1107,2020-09-11 13:34:31.656362752,182.99,100,1599831271656362752
1108,2020-09-11 13:34:31.656369664,182.99,300,1599831271656369664
1109,2020-09-11 13:34:31.656382720,182.99,100,1599831271656382720
1110,2020-09-11 13:34:31.656398848,182.99,99,1599831271656398848
1111,2020-09-11 13:34:31.656403200,182.99,435,1599831271656403200
1112,2020-09-11 13:34:31.656448000,182.99,109,1599831271656448000
1113,2020-09-11 13:34:31.656473088,182.99,1,1599831271656473088
1114,2020-09-11 13:34:31.656477952,182.99,22,1599831271656477952
1115,2020-09-11 13:34:31.656553216,182.99,200,1599831271656553216
1116,2020-09-11 13:34:31.656558080,182.99,400,1599831271656558080
1117,2020-09-11 13:34:31.656633600,182.99,150,1599831271656633600
1118,2020-09-11 13:34:31.656669440,182.99,100,1599831271656669440
1119,2020-09-11 13:34:31.656688896,182.99,200,1599831271656688896
1120,2020-09-11 13:34:31.656723456,182.99,884,1599831271656723456
1121,2020-09-11 13:34:32.609306624,182.985,6,1599831272609306624
1122,2020-09-11 13:34:40.200250880,183.01,100,1599831280200250880
1123,2020-09-11 13:34:40.200996864,183.005,100,1599831280200996864
1124,2020-09-11 13:34:42.315312384,183.005,15,1599831282315312384
1125,2020-09-11 13:34:42.636995328,183.0,1000,1599831282636995328
1126,2020-09-11 13:34:44.879827968,182.98,100,1599831284879827968
1127,2020-09-11 13:34:44.923206400,182.97,55,1599831284923206400
1128,2020-09-11 13:34:44.923206400,182.97,100,1599831284923206400
1129,2020-09-11 13:34:45.053605632,182.96,100,1599831285053605632
1130,2020-09-11 13:34:46.555500800,182.93,1000,1599831286555500800
1131,2020-09-11 13:34:46.664204288,182.93,100,1599831286664204288
1132,2020-09-11 13:34:46.818305792,182.91,22,1599831286818305792
1133,2020-09-11 13:34:47.091105792,182.9,4,1599831287091105792
1134,2020-09-11 13:34:47.288515840,182.88,2,1599831287288515840
1135,2020-09-11 13:34:47.288519424,182.88,10,1599831287288519424
1136,2020-09-11 13:34:47.431155968,182.863,2,1599831287431155968
1137,2020-09-11 13:34:47.489969152,182.88,200,1599831287489969152
1138,2020-09-11 13:34:47.490118912,182.88,100,1599831287490118912
1139,2020-09-11 13:34:47.506302464,182.88,100,1599831287506302464
1140,2020-09-11 13:34:49.855273216,182.9099,2637,1599831289855273216
1141,2020-09-11 13:34:50.074725632,182.895,5,1599831290074725632
1142,2020-09-11 13:34:50.893729792,182.8911,20,1599831290893729792
1143,2020-09-11 13:34:50.907011328,182.89,100,1599831290907011328
1144,2020-09-11 13:34:50.907051264,182.89,86,1599831290907051264
1145,2020-09-11 13:34:50.907066368,182.89,14,1599831290907066368
1146,2020-09-11 13:34:50.907592704,182.89,200,1599831290907592704
1147,2020-09-11 13:34:51.446916864,182.89,100,1599831291446916864
1148,2020-09-11 13:34:51.447346688,182.9,100,1599831291447346688
1149,2020-09-11 13:34:52.538292992,182.9,1,1599831292538292992
1150,2020-09-11 13:34:52.632898048,182.9,1,1599831292632898048
1151,2020-09-11 13:34:52.750994944,182.89,100,1599831292750994944
1152,2020-09-11 13:34:52.787626240,182.89,1,1599831292787626240
1153,2020-09-11 13:34:53.149978624,182.8683,1,1599831293149978624
1154,2020-09-11 13:34:53.306412288,182.89,100,1599831293306412288
1155,2020-09-11 13:34:53.306416896,182.89,100,1599831293306416896
1156,2020-09-11 13:34:53.306416896,182.89,600,1599831293306416896
1157,2020-09-11 13:34:53.306506496,182.89,300,1599831293306506496
1158,2020-09-11 13:34:53.306602240,182.89,100,1599831293306602240
1159,2020-09-11 13:34:53.306606592,182.89,100,1599831293306606592
1160,2020-09-11 13:34:53.307849984,182.89,500,1599831293307849984
1161,2020-09-11 13:34:53.310997248,182.8899,200,1599831293310997248
1162,2020-09-11 13:34:53.471881472,182.89,400,1599831293471881472
1163,2020-09-11 13:34:53.471915008,182.89,900,1599831293471915008
1164,2020-09-11 13:34:54.476751616,182.84,1,1599831294476751616
1165,2020-09-11 13:34:54.476919296,182.87,100,1599831294476919296
1166,2020-09-11 13:34:54.477007616,182.85,100,1599831294477007616
1167,2020-09-11 13:34:54.477007616,182.85,100,1599831294477007616
1168,2020-09-11 13:34:54.477013248,182.84,100,1599831294477013248
1169,2020-09-11 13:34:54.477077248,182.85,100,1599831294477077248
1170,2020-09-11 13:34:54.477082368,182.84,1,1599831294477082368
1171,2020-09-11 13:34:54.477108480,182.84,500,1599831294477108480
1172,2020-09-11 13:34:54.477112576,182.84,99,1599831294477112576
1173,2020-09-11 13:34:54.477408256,182.85,82,1599831294477408256
1174,2020-09-11 13:34:54.477458176,182.85,18,1599831294477458176
1175,2020-09-11 13:34:54.480901376,182.84,2,1599831294480901376
1176,2020-09-11 13:34:54.505956096,182.83,18,1599831294505956096
1177,2020-09-11 13:34:54.757885440,182.81,1,1599831294757885440
1178,2020-09-11 13:34:54.964281600,182.8389,6,1599831294964281600
1179,2020-09-11 13:34:55.184775936,182.83,100,1599831295184775936
1180,2020-09-11 13:34:55.737646848,182.81,22,1599831295737646848
1181,2020-09-11 13:34:55.737646848,182.81,100,1599831295737646848
1182,2020-09-11 13:34:55.845824000,182.806,40,1599831295845824000
1183,2020-09-11 13:34:57.545560832,182.817,3,1599831297545560832
1184,2020-09-11 13:34:58.323250944,182.83,10,1599831298323250944
1185,2020-09-11 13:34:59.635057664,182.805,5,1599831299635057664
1186,2020-09-11 13:35:01.336715776,182.837,481,1599831301336715776
1187,2020-09-11 13:35:01.760429312,182.84,100,1599831301760429312
1188,2020-09-11 13:35:01.760435968,182.84,300,1599831301760435968
1189,2020-09-11 13:35:01.760435968,182.84,400,1599831301760435968
1190,2020-09-11 13:35:01.760440320,182.84,100,1599831301760440320
1191,2020-09-11 13:35:01.771982848,182.84,100,1599831301771982848
1192,2020-09-11 13:35:01.771982848,182.84,2100,1599831301771982848
1193,2020-09-11 13:35:01.771987968,182.84,300,1599831301771987968
1194,2020-09-11 13:35:02.129724160,182.84,1,1599831302129724160
1195,2020-09-11 13:35:02.600158720,182.83,12,1599831302600158720
1196,2020-09-11 13:35:03.633236992,182.82,1,1599831303633236992
1197,2020-09-11 13:35:04.098432256,182.8288,100,1599831304098432256
1198,2020-09-11 13:35:04.731557632,182.82,37,1599831304731557632
1199,2020-09-11 13:35:04.731557632,182.82,38,1599831304731557632
1200,2020-09-11 13:35:04.731657472,182.82,25,1599831304731657472
1201,2020-09-11 13:35:04.731662592,182.82,32,1599831304731662592
1202,2020-09-11 13:35:04.731692544,182.82,56,1599831304731692544
1203,2020-09-11 13:35:05.057589760,182.8451,3000,1599831305057589760
1204,2020-09-11 13:35:05.096803072,182.86,221,1599831305096803072
1205,2020-09-11 13:35:05.193010688,182.86,1,1599831305193010688
1206,2020-09-11 13:35:05.193683968,182.87,33,1599831305193683968
1207,2020-09-11 13:35:05.207665664,182.87,9,1599831305207665664
1208,2020-09-11 13:35:05.741957120,182.87,2,1599831305741957120
1209,2020-09-11 13:35:07.215967744,182.86,100,1599831307215967744
1210,2020-09-11 13:35:07.216084480,182.87,87,1599831307216084480
1211,2020-09-11 13:35:07.216099328,182.87,13,1599831307216099328
1212,2020-09-11 13:35:07.354273280,182.8841,40,1599831307354273280
1213,2020-09-11 13:35:08.404352256,182.85,35,1599831308404352256
1214,2020-09-11 13:35:10.407557120,182.81,100,1599831310407557120
1215,2020-09-11 13:35:10.427108352,182.83,100,1599831310427108352
1216,2020-09-11 13:35:10.427782400,182.84,100,1599831310427782400
1217,2020-09-11 13:35:10.427787264,182.84,100,1599831310427787264
1218,2020-09-11 13:35:10.429395968,182.84,400,1599831310429395968
1219,2020-09-11 13:35:11.477505536,182.8201,50,1599831311477505536
1220,2020-09-11 13:35:12.834712064,182.83,1000,1599831312834712064
1221,2020-09-11 13:35:12.834827008,182.83,200,1599831312834827008
1222,2020-09-11 13:35:12.838124544,182.83,100,1599831312838124544
1223,2020-09-11 13:35:12.894022656,182.83,300,1599831312894022656
1224,2020-09-11 13:35:12.953505024,182.83,12,1599831312953505024
1225,2020-09-11 13:35:12.969863168,182.83,200,1599831312969863168
1226,2020-09-11 13:35:12.973737216,182.83,200,1599831312973737216
1227,2020-09-11 13:35:12.994772224,182.83,50,1599831312994772224
1228,2020-09-11 13:35:13.076192256,182.83,538,1599831313076192256
1229,2020-09-11 13:35:13.076197120,182.82,100,1599831313076197120
1230,2020-09-11 13:35:13.076197120,182.82,100,1599831313076197120
1231,2020-09-11 13:35:19.218177024,182.81,5,1599831319218177024
1232,2020-09-11 13:35:19.415031040,182.8,4,1599831319415031040
1233,2020-09-11 13:35:19.418705152,182.815,211,1599831319418705152
1234,2020-09-11 13:35:19.585837568,182.812,25,1599831319585837568
1235,2020-09-11 13:35:19.633542912,182.812,100,1599831319633542912
1236,2020-09-11 13:35:19.899891200,182.82,1,1599831319899891200
1237,2020-09-11 13:35:20.025275392,182.83,100,1599831320025275392
1238,2020-09-11 13:35:21.703993344,182.86,64,1599831321703993344
1239,2020-09-11 13:35:21.941628416,182.89,1,1599831321941628416
1240,2020-09-11 13:35:22.184035072,182.88,7,1599831322184035072
1241,2020-09-11 13:35:22.185207808,182.88,1,1599831322185207808
1242,2020-09-11 13:35:22.770310144,182.9,100,1599831322770310144
1243,2020-09-11 13:35:22.770350336,182.9,99,1599831322770350336
1244,2020-09-11 13:35:22.770400512,182.9,80,1599831322770400512
1245,2020-09-11 13:35:22.770425600,182.9,120,1599831322770425600
1246,2020-09-11 13:35:24.065486080,182.95,100,1599831324065486080
1247,2020-09-11 13:35:25.502145024,182.94,20,1599831325502145024
1248,2020-09-11 13:35:25.502153472,182.94,100,1599831325502153472
1249,2020-09-11 13:35:25.502419200,182.94,100,1599831325502419200
1250,2020-09-11 13:35:25.502464768,182.94,100,1599831325502464768
1251,2020-09-11 13:35:28.186583552,182.94,1,1599831328186583552
1252,2020-09-11 13:35:31.809384704,182.94,100,1599831331809384704
1253,2020-09-11 13:35:32.281365504,182.95,5,1599831332281365504
1254,2020-09-11 13:35:32.862528512,182.95,1,1599831332862528512
1255,2020-09-11 13:35:33.415059200,182.96,26,1599831333415059200
1256,2020-09-11 13:35:33.852464896,182.94,100,1599831333852464896
1257,2020-09-11 13:35:34.107913216,182.93,100,1599831334107913216
1258,2020-09-11 13:35:35.758368000,182.94,100,1599831335758368000
1259,2020-09-11 13:35:35.758372608,182.94,100,1599831335758372608
1260,2020-09-11 13:35:35.758447616,182.94,100,1599831335758447616
1261,2020-09-11 13:35:35.758452736,182.94,100,1599831335758452736
1262,2020-09-11 13:35:37.071952384,182.94,100,1599831337071952384
1263,2020-09-11 13:35:37.073997312,182.9398,200,1599831337073997312
1264,2020-09-11 13:35:37.077355264,182.94,100,1599831337077355264
1265,2020-09-11 13:35:38.295546368,182.94,100,1599831338295546368
1266,2020-09-11 13:35:40.436618496,182.95,49,1599831340436618496
1267,2020-09-11 13:35:42.690837248,182.945,1400,1599831342690837248
1268,2020-09-11 13:35:43.423367680,182.9599,600,1599831343423367680
1269,2020-09-11 13:35:45.020639232,182.945,1,1599831345020639232
1270,2020-09-11 13:35:45.278302720,182.9301,5,1599831345278302720
1271,2020-09-11 13:35:47.148763904,182.96,12,1599831347148763904
1272,2020-09-11 13:35:47.714611456,182.96,34,1599831347714611456
1273,2020-09-11 13:35:52.507279104,182.95,14,1599831352507279104
1274,2020-09-11 13:35:52.991314176,182.95,100,1599831352991314176
1275,2020-09-11 13:35:54.453699072,182.955,15,1599831354453699072
1276,2020-09-11 13:35:57.021904896,182.9533,81,1599831357021904896
1277,2020-09-11 13:35:57.258148096,182.98,1,1599831357258148096
1278,2020-09-11 13:35:57.258237440,182.96,15,1599831357258237440
1279,2020-09-11 13:35:57.755716352,182.95,50,1599831357755716352
1280,2020-09-11 13:35:57.785720320,182.94,100,1599831357785720320
1281,2020-09-11 13:35:58.555530240,182.9398,3,1599831358555530240
1282,2020-09-11 13:35:58.945864192,182.91,2,1599831358945864192
1283,2020-09-11 13:35:59.663467776,182.92,92,1599831359663467776
1284,2020-09-11 13:36:01.526608896,182.915,273,1599831361526608896
1285,2020-09-11 13:36:02.731147776,182.92,300,1599831362731147776
1286,2020-09-11 13:36:02.735156736,182.9199,100,1599831362735156736
1287,2020-09-11 13:36:02.735442432,182.92,100,1599831362735442432
1288,2020-09-11 13:36:02.735592960,182.92,100,1599831362735592960
1289,2020-09-11 13:36:02.847985408,182.93,400,1599831362847985408
1290,2020-09-11 13:36:02.847990272,182.93,100,1599831362847990272
1291,2020-09-11 13:36:02.847995392,182.93,100,1599831362847995392
1292,2020-09-11 13:36:02.849584128,182.93,100,1599831362849584128
1293,2020-09-11 13:36:02.850295808,182.93,100,1599831362850295808
1294,2020-09-11 13:36:02.851358464,182.9299,600,1599831362851358464
1295,2020-09-11 13:36:02.860270848,182.93,100,1599831362860270848
1296,2020-09-11 13:36:02.860274688,182.93,2000,1599831362860274688
1297,2020-09-11 13:36:02.860505088,182.94,200,1599831362860505088
1298,2020-09-11 13:36:02.860670464,182.93,100,1599831362860670464
1299,2020-09-11 13:36:02.866759936,182.93,600,1599831362866759936
1300,2020-09-11 13:36:02.895588608,182.93,100,1599831362895588608
1301,2020-09-11 13:36:02.895598592,182.93,100,1599831362895598592
1302,2020-09-11 13:36:02.895603712,182.93,100,1599831362895603712
1303,2020-09-11 13:36:02.895608576,182.93,300,1599831362895608576
1304,2020-09-11 13:36:02.895864320,182.93,100,1599831362895864320
1305,2020-09-11 13:36:02.895864320,182.93,100,1599831362895864320
1306,2020-09-11 13:36:02.895869440,182.93,100,1599831362895869440
1307,2020-09-11 13:36:02.895874304,182.93,300,1599831362895874304
1308,2020-09-11 13:36:02.895999488,182.92,100,1599831362895999488
1309,2020-09-11 13:36:02.896541952,182.93,100,1599831362896541952
1310,2020-09-11 13:36:02.896541952,182.93,100,1599831362896541952
1311,2020-09-11 13:36:02.896547072,182.93,100,1599831362896547072
1312,2020-09-11 13:36:02.896547072,182.94,100,1599831362896547072
1313,2020-09-11 13:36:02.896550912,182.94,1640,1599831362896550912
1314,2020-09-11 13:36:02.896606208,182.93,75,1599831362896606208
1315,2020-09-11 13:36:03.102941952,182.94,5,1599831363102941952
1316,2020-09-11 13:36:07.832308224,182.92,81,1599831367832308224
1317,2020-09-11 13:36:07.956634368,182.91,21,1599831367956634368
1318,2020-09-11 13:36:08.160074240,182.91,100,1599831368160074240
1319,2020-09-11 13:36:08.367622144,182.91,100,1599831368367622144
1320,2020-09-11 13:36:09.436640768,182.92,90,1599831369436640768
1321,2020-09-11 13:36:09.436655616,182.92,10,1599831369436655616
1322,2020-09-11 13:36:11.789705728,182.93,34,1599831371789705728
1323,2020-09-11 13:36:11.789751808,182.93,966,1599831371789751808
1324,2020-09-11 13:36:11.789755648,182.93,100,1599831371789755648
1325,2020-09-11 13:36:11.976346880,182.93,1,1599831371976346880
1326,2020-09-11 13:36:11.979076352,182.93,100,1599831371979076352
1327,2020-09-11 13:36:11.979076352,182.93,50,1599831371979076352
1328,2020-09-11 13:36:12.596822528,182.925,20,1599831372596822528
1329,2020-09-11 13:36:12.792983808,182.9251,5,1599831372792983808
1330,2020-09-11 13:36:14.790037248,182.939,50,1599831374790037248
1331,2020-09-11 13:36:17.016725760,182.92,1,1599831377016725760
1332,2020-09-11 13:36:17.098856192,182.91,100,1599831377098856192
1333,2020-09-11 13:36:17.101657856,182.9101,100,1599831377101657856
1334,2020-09-11 13:36:17.795773952,182.92,100,1599831377795773952
1335,2020-09-11 13:36:18.467022336,182.922,100,1599831378467022336
1336,2020-09-11 13:36:19.529309440,182.9,100,1599831379529309440
1337,2020-09-11 13:36:19.529309440,182.9,80,1599831379529309440
1338,2020-09-11 13:36:19.530006016,182.9,100,1599831379530006016
1339,2020-09-11 13:36:19.542265088,182.9,70,1599831379542265088
1340,2020-09-11 13:36:19.542335232,182.9,50,1599831379542335232
1341,2020-09-11 13:36:19.542571776,182.9,40,1599831379542571776
1342,2020-09-11 13:36:19.542596352,182.9,60,1599831379542596352
1343,2020-09-11 13:36:19.806615040,182.89,10,1599831379806615040
1344,2020-09-11 13:36:19.806809856,182.89,3,1599831379806809856
1345,2020-09-11 13:36:21.733241344,182.88,45,1599831381733241344
1346,2020-09-11 13:36:21.836506112,182.86,100,1599831381836506112
1347,2020-09-11 13:36:21.836977664,182.86,100,1599831381836977664
1348,2020-09-11 13:36:21.837027072,182.86,40,1599831381837027072
1349,2020-09-11 13:36:21.847923200,182.85,100,1599831381847923200
1350,2020-09-11 13:36:22.057035520,182.8279,12,1599831382057035520
1351,2020-09-11 13:36:22.062393344,182.83,8,1599831382062393344
1352,2020-09-11 13:36:23.005309440,182.82,100,1599831383005309440
1353,2020-09-11 13:36:23.005312768,182.82,100,1599831383005312768
1354,2020-09-11 13:36:23.161914624,182.81,4,1599831383161914624
1355,2020-09-11 13:36:23.833142528,182.81,18,1599831383833142528
1356,2020-09-11 13:36:27.279580160,182.855,5,1599831387279580160
1357,2020-09-11 13:36:27.854853888,182.8301,3,1599831387854853888
1358,2020-09-11 13:36:28.452696320,182.86,10,1599831388452696320
1359,2020-09-11 13:36:29.773800704,182.86,90,1599831389773800704
1360,2020-09-11 13:36:34.742254848,182.7919,20,1599831394742254848
1361,2020-09-11 13:36:35.200984576,182.7957,200,1599831395200984576
1362,2020-09-11 13:36:36.578937344,182.8,16,1599831396578937344
1363,2020-09-11 13:36:40.005927936,182.8,1,1599831400005927936
1364,2020-09-11 13:36:40.005932544,182.8,149,1599831400005932544
1365,2020-09-11 13:36:40.005980928,182.8,51,1599831400005980928
1366,2020-09-11 13:36:40.006378240,182.81,100,1599831400006378240
1367,2020-09-11 13:36:40.937519104,182.8011,5,1599831400937519104
1368,2020-09-11 13:36:42.031932672,182.795,1,1599831402031932672
1369,2020-09-11 13:36:42.289627392,182.8,38,1599831402289627392
1370,2020-09-11 13:36:43.797577472,182.79,100,1599831403797577472
1371,2020-09-11 13:36:43.797580800,182.79,50,1599831403797580800
1372,2020-09-11 13:36:43.797585664,182.79,50,1599831403797585664
1373,2020-09-11 13:36:44.382948608,182.8,9,1599831404382948608
1374,2020-09-11 13:36:44.438806528,182.78,1,1599831404438806528
1375,2020-09-11 13:36:45.173987328,182.8,100,1599831405173987328
1376,2020-09-11 13:36:45.173991168,182.8,100,1599831405173991168
1377,2020-09-11 13:36:45.174238208,182.8,100,1599831405174238208
1378,2020-09-11 13:36:45.174287360,182.81,100,1599831405174287360
1379,2020-09-11 13:36:45.174287360,182.81,100,1599831405174287360
1380,2020-09-11 13:36:45.174387968,182.81,100,1599831405174387968
1381,2020-09-11 13:36:45.174462208,182.82,100,1599831405174462208
1382,2020-09-11 13:36:45.174502400,182.82,1,1599831405174502400
1383,2020-09-11 13:36:45.174618880,182.82,10,1599831405174618880
1384,2020-09-11 13:36:45.174968576,182.82,100,1599831405174968576
1385,2020-09-11 13:36:45.175209216,182.82,200,1599831405175209216
1386,2020-09-11 13:36:45.175364608,182.82,64,1599831405175364608
1387,2020-09-11 13:36:45.176391936,182.8,100,1599831405176391936
1388,2020-09-11 13:36:45.185438464,182.81,40,1599831405185438464
1389,2020-09-11 13:36:45.185689088,182.81,40,1599831405185689088
1390,2020-09-11 13:36:46.665309952,182.805,5,1599831406665309952
1391,2020-09-11 13:36:46.729968896,182.7898,40,1599831406729968896
1392,2020-09-11 13:36:47.813065216,182.805,4,1599831407813065216
1393,2020-09-11 13:36:47.915058944,182.805,9,1599831407915058944
1394,2020-09-11 13:36:48.345423360,182.8,25,1599831408345423360
1395,2020-09-11 13:36:51.027398144,182.82,55,1599831411027398144
1396,2020-09-11 13:36:52.800976896,182.8068,300,1599831412800976896
1397,2020-09-11 13:36:53.074011648,182.805,2,1599831413074011648
1398,2020-09-11 13:36:58.418685696,182.795,30,1599831418418685696
1399,2020-09-11 13:37:01.964785152,182.805,10,1599831421964785152
1400,2020-09-11 13:37:02.065014272,182.81,20,1599831422065014272
1401,2020-09-11 13:37:02.077939200,182.81,20,1599831422077939200
1402,2020-09-11 13:37:02.078030592,182.81,702,1599831422078030592
1403,2020-09-11 13:37:02.078115072,182.81,858,1599831422078115072
1404,2020-09-11 13:37:03.184313856,182.82,100,1599831423184313856
1405,2020-09-11 13:37:03.184342272,182.82,200,1599831423184342272
1406,2020-09-11 13:37:03.710304512,182.82,100,1599831423710304512
1407,2020-09-11 13:37:04.468729344,182.82,1,1599831424468729344
1408,2020-09-11 13:37:05.589513216,182.82,100,1599831425589513216
1409,2020-09-11 13:37:05.689859840,182.8199,15,1599831425689859840
1410,2020-09-11 13:37:06.106115328,182.81,300,1599831426106115328
1411,2020-09-11 13:37:06.478531328,182.8038,100,1599831426478531328
1412,2020-09-11 13:37:06.482074880,182.8038,200,1599831426482074880
1413,2020-09-11 13:37:07.856742656,182.82,100,1599831427856742656
1414,2020-09-11 13:37:08.402488320,182.8121,137,1599831428402488320
1415,2020-09-11 13:37:08.475004160,182.8064,6,1599831428475004160
1416,2020-09-11 13:37:11.303850752,182.8,5,1599831431303850752
1417,2020-09-11 13:37:11.304116480,182.8,100,1599831431304116480
1418,2020-09-11 13:37:13.372406272,182.82,100,1599831433372406272
1419,2020-09-11 13:37:13.372951552,182.83,100,1599831433372951552
1420,2020-09-11 13:37:18.756974080,182.88,70,1599831438756974080
1421,2020-09-11 13:37:18.759374080,182.86,200,1599831438759374080
1422,2020-09-11 13:37:20.078161920,182.86,1,1599831440078161920
1423,2020-09-11 13:37:20.374507264,182.875,5,1599831440374507264
1424,2020-09-11 13:37:21.796142848,182.89,100,1599831441796142848
1425,2020-09-11 13:37:21.796145664,182.89,100,1599831441796145664
1426,2020-09-11 13:37:21.796185600,182.89,900,1599831441796185600
1427,2020-09-11 13:37:23.472695808,182.8799,85,1599831443472695808
1428,2020-09-11 13:37:24.462637056,182.89,234,1599831444462637056
1429,2020-09-11 13:37:25.646434048,182.875,200,1599831445646434048
1430,2020-09-11 13:37:26.393772544,182.88,1,1599831446393772544
1431,2020-09-11 13:37:26.687863296,182.89,100,1599831446687863296
1432,2020-09-11 13:37:28.292240384,182.9,8,1599831448292240384
1433,2020-09-11 13:37:28.292285440,182.9,192,1599831448292285440
1434,2020-09-11 13:37:28.416305664,182.89,100,1599831448416305664
1435,2020-09-11 13:37:28.416310528,182.89,100,1599831448416310528
1436,2020-09-11 13:37:28.416315648,182.89,200,1599831448416315648
1437,2020-09-11 13:37:28.416541184,182.89,100,1599831448416541184
1438,2020-09-11 13:37:28.416546048,182.89,100,1599831448416546048
1439,2020-09-11 13:37:28.416551168,182.89,100,1599831448416551168
1440,2020-09-11 13:37:28.416551168,182.89,100,1599831448416551168
1441,2020-09-11 13:37:28.416556032,182.89,100,1599831448416556032
1442,2020-09-11 13:37:28.470153728,182.89,200,1599831448470153728
1443,2020-09-11 13:37:28.502836480,182.91,100,1599831448502836480
1444,2020-09-11 13:37:28.502851584,182.91,100,1599831448502851584
1445,2020-09-11 13:37:30.349046016,182.95,300,1599831450349046016
1446,2020-09-11 13:37:30.349057024,182.95,1100,1599831450349057024
1447,2020-09-11 13:37:30.349057024,182.96,300,1599831450349057024
1448,2020-09-11 13:37:30.349261568,182.98,100,1599831450349261568
1449,2020-09-11 13:37:30.349283072,182.94,1100,1599831450349283072
1450,2020-09-11 13:37:30.349286912,182.94,1100,1599831450349286912
1451,2020-09-11 13:37:30.349296640,182.95,1100,1599831450349296640
1452,2020-09-11 13:37:30.349301760,182.95,100,1599831450349301760
1453,2020-09-11 13:37:30.349321728,182.96,1100,1599831450349321728
1455,2020-09-11 13:37:30.349328128,182.94,20,1599831450349328128
1454,2020-09-11 13:37:30.349328128,182.95,1100,1599831450349328128
1456,2020-09-11 13:37:30.349332480,182.94,100,1599831450349332480
1457,2020-09-11 13:37:30.349338112,182.94,100,1599831450349338112
1458,2020-09-11 13:37:30.349338112,182.95,100,1599831450349338112
1460,2020-09-11 13:37:30.349342720,182.95,100,1599831450349342720
1461,2020-09-11 13:37:30.349342720,182.95,400,1599831450349342720
1459,2020-09-11 13:37:30.349342720,182.96,100,1599831450349342720
1462,2020-09-11 13:37:30.349348864,182.95,1100,1599831450349348864
1463,2020-09-11 13:37:30.349348864,182.96,300,1599831450349348864
1464,2020-09-11 13:37:30.349352192,182.96,300,1599831450349352192
1465,2020-09-11 13:37:30.349356800,182.96,100,1599831450349356800
1466,2020-09-11 13:37:30.349366784,182.96,300,1599831450349366784
1467,2020-09-11 13:37:30.350103552,182.94,100,1599831450350103552
1468,2020-09-11 13:37:30.350155008,182.92,100,1599831450350155008
1469,2020-09-11 13:37:30.350168832,182.92,100,1599831450350168832
1470,2020-09-11 13:37:30.350214912,182.93,100,1599831450350214912
1471,2020-09-11 13:37:30.350220032,182.91,100,1599831450350220032
1472,2020-09-11 13:37:30.350344192,182.97,100,1599831450350344192
1473,2020-09-11 13:37:30.350399744,182.95,100,1599831450350399744
1474,2020-09-11 13:37:30.350404352,182.95,100,1599831450350404352
1475,2020-09-11 13:37:30.350409216,182.95,100,1599831450350409216
1476,2020-09-11 13:37:30.350454272,182.97,200,1599831450350454272
1477,2020-09-11 13:37:30.350534656,182.95,100,1599831450350534656
1478,2020-09-11 13:37:30.350544640,182.94,100,1599831450350544640
1479,2020-09-11 13:37:30.350765056,182.97,10,1599831450350765056
1480,2020-09-11 13:37:30.350765056,182.97,100,1599831450350765056
1481,2020-09-11 13:37:30.351065856,182.98,200,1599831450351065856
1482,2020-09-11 13:37:30.351070976,182.98,100,1599831450351070976
1483,2020-09-11 13:37:30.351080960,182.98,53,1599831450351080960
1484,2020-09-11 13:37:30.351116032,182.98,100,1599831450351116032
1485,2020-09-11 13:37:30.351141120,182.98,100,1599831450351141120
1486,2020-09-11 13:37:30.351145984,182.98,100,1599831450351145984
1487,2020-09-11 13:37:30.351145984,182.98,50,1599831450351145984
1488,2020-09-11 13:37:30.351151360,182.98,50,1599831450351151360
1489,2020-09-11 13:37:30.351156736,182.98,18,1599831450351156736
1490,2020-09-11 13:37:30.351612160,182.98,47,1599831450351612160
1491,2020-09-11 13:37:30.351692544,182.98,82,1599831450351692544
1492,2020-09-11 13:37:30.351857920,182.97,100,1599831450351857920
1493,2020-09-11 13:37:30.352028160,182.97,100,1599831450352028160
1494,2020-09-11 13:37:30.355040256,182.99,100,1599831450355040256
1495,2020-09-11 13:37:30.355115520,182.99,200,1599831450355115520
1496,2020-09-11 13:37:30.356348416,183.0,1,1599831450356348416
1497,2020-09-11 13:37:30.356348416,183.0,30,1599831450356348416
1498,2020-09-11 13:37:30.360753920,183.0,10,1599831450360753920
1499,2020-09-11 13:37:30.360753920,183.0,100,1599831450360753920
1500,2020-09-11 13:37:30.360759040,183.0,40,1599831450360759040
1501,2020-09-11 13:37:30.361380352,183.0,30,1599831450361380352
1502,2020-09-11 13:37:30.362287616,183.0,200,1599831450362287616
1503,2020-09-11 13:37:30.362292992,183.0,40,1599831450362292992
1504,2020-09-11 13:37:30.362327808,183.0,200,1599831450362327808
1505,2020-09-11 13:37:30.362357760,183.0,450,1599831450362357760
1506,2020-09-11 13:37:30.362362880,183.0,100,1599831450362362880
1507,2020-09-11 13:37:30.369629952,183.02,9,1599831450369629952
1508,2020-09-11 13:37:30.369635072,183.02,8,1599831450369635072
1509,2020-09-11 13:37:30.370602496,183.01,8,1599831450370602496
1510,2020-09-11 13:37:30.376918528,183.0,100,1599831450376918528
1511,2020-09-11 13:37:30.427613184,182.98,500,1599831450427613184
1512,2020-09-11 13:37:30.427713280,182.99,100,1599831450427713280
1514,2020-09-11 13:37:30.427718400,182.98,200,1599831450427718400
1513,2020-09-11 13:37:30.427718400,182.98,100,1599831450427718400
1515,2020-09-11 13:37:30.427718400,182.98,100,1599831450427718400
1516,2020-09-11 13:37:30.427889408,182.98,100,1599831450427889408
1517,2020-09-11 13:37:30.466836480,182.99,100,1599831450466836480
1518,2020-09-11 13:37:30.466836480,182.99,200,1599831450466836480
1519,2020-09-11 13:37:30.466841344,182.99,800,1599831450466841344
1520,2020-09-11 13:37:30.803936000,182.98,100,1599831450803936000
1521,2020-09-11 13:37:30.803979008,182.98,100,1599831450803979008
1522,2020-09-11 13:37:30.803984640,182.98,100,1599831450803984640
1523,2020-09-11 13:37:30.804219648,182.98,60,1599831450804219648
1524,2020-09-11 13:37:30.804229632,182.98,100,1599831450804229632
1525,2020-09-11 13:37:30.804445184,182.98,100,1599831450804445184
1526,2020-09-11 13:37:30.821290240,182.9801,83,1599831450821290240
1527,2020-09-11 13:37:33.591666688,182.98,440,1599831453591666688
1528,2020-09-11 13:37:33.591691776,182.98,65,1599831453591691776
1529,2020-09-11 13:37:33.591761920,182.98,100,1599831453591761920
1530,2020-09-11 13:37:33.961854720,182.99,100,1599831453961854720
1531,2020-09-11 13:37:33.962003712,182.99,100,1599831453962003712
1532,2020-09-11 13:37:33.962040064,182.99,100,1599831453962040064
1533,2020-09-11 13:37:35.382799872,183.0299,5,1599831455382799872
1534,2020-09-11 13:37:35.900747264,183.0,100,1599831455900747264
1535,2020-09-11 13:37:35.900747264,183.0,100,1599831455900747264
1536,2020-09-11 13:37:36.537518336,183.0,25,1599831456537518336
1537,2020-09-11 13:37:37.172269824,183.01,300,1599831457172269824
1538,2020-09-11 13:37:37.172870656,183.01,100,1599831457172870656
1539,2020-09-11 13:37:37.177140992,183.01,100,1599831457177140992
1540,2020-09-11 13:37:37.177216000,183.01,100,1599831457177216000
1541,2020-09-11 13:37:37.177317376,183.01,100,1599831457177317376
1542,2020-09-11 13:37:37.184483328,183.02,1783,1599831457184483328
1543,2020-09-11 13:37:38.339578880,182.98,2,1599831458339578880
1544,2020-09-11 13:37:38.339878400,182.98,200,1599831458339878400
1545,2020-09-11 13:37:38.339878400,182.98,100,1599831458339878400
1547,2020-09-11 13:37:38.339883520,182.98,2,1599831458339883520
1546,2020-09-11 13:37:38.339883520,182.98,100,1599831458339883520
1548,2020-09-11 13:37:38.339889408,182.98,100,1599831458339889408
1549,2020-09-11 13:37:38.339889408,182.98,100,1599831458339889408
1550,2020-09-11 13:37:38.711316992,182.98,100,1599831458711316992
1551,2020-09-11 13:37:43.083271424,183.03,10,1599831463083271424
1552,2020-09-11 13:37:43.090779392,183.03,90,1599831463090779392
1553,2020-09-11 13:37:44.465064960,183.0251,40,1599831464465064960
1554,2020-09-11 13:37:45.941764608,183.0,100,1599831465941764608
1555,2020-09-11 13:37:45.941764608,183.0,100,1599831465941764608
1556,2020-09-11 13:37:45.941769216,183.0,100,1599831465941769216
1557,2020-09-11 13:37:45.941769216,183.0,100,1599831465941769216
1558,2020-09-11 13:37:45.941779456,183.0,100,1599831465941779456
1559,2020-09-11 13:37:47.013287936,183.0,100,1599831467013287936
1560,2020-09-11 13:37:47.237398784,183.01,200,1599831467237398784
1561,2020-09-11 13:37:47.237406464,183.01,100,1599831467237406464
1562,2020-09-11 13:37:47.237411584,183.01,100,1599831467237411584
1563,2020-09-11 13:37:47.237503744,183.01,100,1599831467237503744
1564,2020-09-11 13:37:47.237503744,183.01,100,1599831467237503744
1565,2020-09-11 13:37:47.237506816,183.01,100,1599831467237506816
1566,2020-09-11 13:37:47.237516800,183.01,100,1599831467237516800
1568,2020-09-11 13:37:47.237677824,183.01,100,1599831467237677824
1567,2020-09-11 13:37:47.237677824,183.01,100,1599831467237677824
1569,2020-09-11 13:37:47.237697536,183.01,100,1599831467237697536
1570,2020-09-11 13:37:47.237702144,183.01,41,1599831467237702144
1571,2020-09-11 13:37:47.237707264,183.01,100,1599831467237707264
1572,2020-09-11 13:37:47.247981568,183.01,40,1599831467247981568
1573,2020-09-11 13:37:47.248006656,183.01,40,1599831467248006656
1574,2020-09-11 13:37:47.248036864,183.01,20,1599831467248036864
1575,2020-09-11 13:37:47.248041728,183.01,20,1599831467248041728
1576,2020-09-11 13:37:47.408102656,183.03,900,1599831467408102656
1577,2020-09-11 13:37:47.408142848,183.03,400,1599831467408142848
1578,2020-09-11 13:37:47.408147712,183.03,100,1599831467408147712
1579,2020-09-11 13:37:49.891929600,183.0569,10,1599831469891929600
1580,2020-09-11 13:37:49.990084096,183.05,1,1599831469990084096
1581,2020-09-11 13:37:51.889413120,183.0758,90,1599831471889413120
1582,2020-09-11 13:37:53.207441664,183.08,100,1599831473207441664
1583,2020-09-11 13:37:53.207532032,183.08,200,1599831473207532032
1584,2020-09-11 13:37:53.208184064,183.08,100,1599831473208184064
1585,2020-09-11 13:37:53.208729088,183.08,100,1599831473208729088
1586,2020-09-11 13:37:53.209370624,183.08,99,1599831473209370624
1587,2020-09-11 13:37:53.209425920,183.08,1500,1599831473209425920
1588,2020-09-11 13:37:54.299395328,183.08,200,1599831474299395328
1589,2020-09-11 13:37:54.299399680,183.08,100,1599831474299399680
1590,2020-09-11 13:37:54.299399680,183.08,200,1599831474299399680
1591,2020-09-11 13:37:54.299404288,183.08,100,1599831474299404288
1592,2020-09-11 13:37:54.299470336,183.08,200,1599831474299470336
1593,2020-09-11 13:37:54.299499520,183.08,200,1599831474299499520
1594,2020-09-11 13:37:54.299619840,183.08,100,1599831474299619840
1595,2020-09-11 13:37:54.299625472,183.08,200,1599831474299625472
1596,2020-09-11 13:37:54.299629824,183.08,200,1599831474299629824
1597,2020-09-11 13:37:54.299681536,183.08,100,1599831474299681536
1598,2020-09-11 13:37:54.299685120,183.08,200,1599831474299685120
1599,2020-09-11 13:37:54.299689984,183.08,100,1599831474299689984
1600,2020-09-11 13:37:54.299695104,183.08,100,1599831474299695104
1601,2020-09-11 13:37:54.299850496,183.08,100,1599831474299850496
1602,2020-09-11 13:37:54.299855360,183.08,200,1599831474299855360
1603,2020-09-11 13:37:54.299855360,183.08,200,1599831474299855360
1604,2020-09-11 13:37:54.302411520,183.09,3000,1599831474302411520
1605,2020-09-11 13:37:54.302566912,183.09,1928,1599831474302566912
1606,2020-09-11 13:37:54.302647040,183.09,100,1599831474302647040
1607,2020-09-11 13:37:54.302647040,183.09,1100,1599831474302647040
1608,2020-09-11 13:37:54.311728640,183.08,150,1599831474311728640
1609,2020-09-11 13:37:55.097282048,183.07,100,1599831475097282048
1610,2020-09-11 13:37:55.588876800,183.072,50,1599831475588876800
1611,2020-09-11 13:37:56.235352832,183.1,150,1599831476235352832
1612,2020-09-11 13:37:56.235380736,183.1,380,1599831476235380736
1613,2020-09-11 13:37:56.235410944,183.1,100,1599831476235410944
1614,2020-09-11 13:37:56.236308224,183.1,100,1599831476236308224
1615,2020-09-11 13:37:56.236383488,183.1,10,1599831476236383488
1616,2020-09-11 13:37:56.236388096,183.1,100,1599831476236388096
1617,2020-09-11 13:37:56.681407488,183.095,10,1599831476681407488
1618,2020-09-11 13:37:57.026144512,183.07,84,1599831477026144512
1619,2020-09-11 13:37:57.145562368,183.11,81,1599831477145562368
1620,2020-09-11 13:37:57.296051456,183.095,1,1599831477296051456
1621,2020-09-11 13:37:57.393948416,183.095,1,1599831477393948416
1622,2020-09-11 13:37:57.589324800,183.1069,25,1599831477589324800
1623,2020-09-11 13:37:58.404067840,183.08,100,1599831478404067840
1624,2020-09-11 13:37:58.404067840,183.08,1628,1599831478404067840
1625,2020-09-11 13:37:58.849602048,183.1,8,1599831478849602048
1626,2020-09-11 13:37:58.852729600,183.1,1,1599831478852729600
1627,2020-09-11 13:38:00.567771648,183.04,100,1599831480567771648
1628,2020-09-11 13:38:00.576377344,183.03,100,1599831480576377344
1629,2020-09-11 13:38:00.870739200,183.05,100,1599831480870739200
1630,2020-09-11 13:38:03.364453888,183.07,100,1599831483364453888
1631,2020-09-11 13:38:03.366351360,183.08,100,1599831483366351360
1632,2020-09-11 13:38:03.765090304,183.0844,63,1599831483765090304
1633,2020-09-11 13:38:03.983131648,183.08,20,1599831483983131648
1634,2020-09-11 13:38:03.983149312,183.08,80,1599831483983149312
1635,2020-09-11 13:38:06.815091200,183.08,1,1599831486815091200
1636,2020-09-11 13:38:06.815094016,183.08,99,1599831486815094016
1637,2020-09-11 13:38:06.815173888,183.08,1,1599831486815173888
1638,2020-09-11 13:38:07.409458688,183.0789,7,1599831487409458688
1639,2020-09-11 13:38:08.243784960,183.09,20,1599831488243784960
1640,2020-09-11 13:38:08.265491968,183.11,100,1599831488265491968
1641,2020-09-11 13:38:08.316121856,183.11,10,1599831488316121856
1642,2020-09-11 13:38:12.029932800,183.1209,507,1599831492029932800
1643,2020-09-11 13:38:12.258961408,183.11,4,1599831492258961408
1644,2020-09-11 13:38:12.884930304,183.1127,88,1599831492884930304
1645,2020-09-11 13:38:13.077071616,183.11,19,1599831493077071616
1646,2020-09-11 13:38:13.077101568,183.11,81,1599831493077101568
1647,2020-09-11 13:38:13.077668352,183.09,6,1599831493077668352
1648,2020-09-11 13:38:13.671658496,183.09,35,1599831493671658496
1649,2020-09-11 13:38:16.539080960,183.14,20,1599831496539080960
1650,2020-09-11 13:38:16.539116032,183.123,20,1599831496539116032
1651,2020-09-11 13:38:16.542479104,183.12,980,1599831496542479104
1652,2020-09-11 13:38:18.252122112,183.11,7,1599831498252122112
1653,2020-09-11 13:38:21.060677632,183.139,100,1599831501060677632
1654,2020-09-11 13:38:21.110870272,183.15,6,1599831501110870272
1655,2020-09-11 13:38:21.110875136,183.15,64,1599831501110875136
1656,2020-09-11 13:38:21.110915328,183.15,36,1599831501110915328
1657,2020-09-11 13:38:21.113506560,183.15,54,1599831501113506560
1658,2020-09-11 13:38:21.273287424,183.13,200,1599831501273287424
1659,2020-09-11 13:38:21.273287424,183.13,100,1599831501273287424
1660,2020-09-11 13:38:21.273292032,183.13,900,1599831501273292032
1661,2020-09-11 13:38:21.273843200,183.15,100,1599831501273843200
1662,2020-09-11 13:38:21.273918720,183.13,100,1599831501273918720
1663,2020-09-11 13:38:21.274534912,183.13,100,1599831501274534912
1664,2020-09-11 13:38:21.274685440,183.13,100,1599831501274685440
1665,2020-09-11 13:38:22.765789440,183.16,84,1599831502765789440
1666,2020-09-11 13:38:23.146400256,183.18,4,1599831503146400256
1667,2020-09-11 13:38:23.677368832,183.16,100,1599831503677368832
1668,2020-09-11 13:38:24.181017088,183.1589,5,1599831504181017088
1669,2020-09-11 13:38:24.921173760,183.1669,10,1599831504921173760
1670,2020-09-11 13:38:26.918717696,183.15,30,1599831506918717696
1671,2020-09-11 13:38:26.921254912,183.155,70,1599831506921254912
1672,2020-09-11 13:38:29.143692032,183.17,11,1599831509143692032
1673,2020-09-11 13:38:29.466214912,183.17,1,1599831509466214912
1674,2020-09-11 13:38:32.198052608,183.1699,100,1599831512198052608
1675,2020-09-11 13:38:32.386084352,183.17,40,1599831512386084352
1676,2020-09-11 13:38:32.386109696,183.17,60,1599831512386109696
1677,2020-09-11 13:38:32.386109696,183.17,40,1599831512386109696
1678,2020-09-11 13:38:32.386154496,183.17,75,1599831512386154496
1679,2020-09-11 13:38:33.362307584,183.1711,6,1599831513362307584
1680,2020-09-11 13:38:34.381573120,183.1937,180,1599831514381573120
1681,2020-09-11 13:38:34.841207296,183.1899,3,1599831514841207296
1682,2020-09-11 13:38:38.225707520,183.1799,33,1599831518225707520
1683,2020-09-11 13:38:38.235372032,183.165,139,1599831518235372032
1684,2020-09-11 13:38:38.966569728,183.16,5,1599831518966569728
1685,2020-09-11 13:38:39.381898496,183.1555,26,1599831519381898496
1686,2020-09-11 13:38:41.943749632,183.15,100,1599831521943749632
1687,2020-09-11 13:38:42.020272384,183.16,100,1599831522020272384
1688,2020-09-11 13:38:42.021178880,183.16,100,1599831522021178880
1689,2020-09-11 13:38:42.520787968,183.15,5,1599831522520787968
1690,2020-09-11 13:38:42.594994176,183.14,100,1599831522594994176
1691,2020-09-11 13:38:43.850417920,183.145,6,1599831523850417920
1692,2020-09-11 13:38:43.967551744,183.16,1,1599831523967551744
1693,2020-09-11 13:38:43.990848256,183.1599,5,1599831523990848256
1694,2020-09-11 13:38:44.513952256,183.145,2,1599831524513952256
1695,2020-09-11 13:38:45.452787456,183.143,28,1599831525452787456
1696,2020-09-11 13:38:45.518222080,183.15,18,1599831525518222080
1697,2020-09-11 13:38:46.139808256,183.1583,17,1599831526139808256
1698,2020-09-11 13:38:46.351135488,183.16,100,1599831526351135488
1699,2020-09-11 13:38:48.669973248,183.16,15,1599831528669973248
1700,2020-09-11 13:38:48.758388224,183.16,2,1599831528758388224
1701,2020-09-11 13:38:50.305970688,183.145,9,1599831530305970688
1702,2020-09-11 13:38:51.183233792,183.145,25,1599831531183233792
1703,2020-09-11 13:38:51.301414912,183.14,1,1599831531301414912
1704,2020-09-11 13:38:52.719649536,183.12,100,1599831532719649536
1705,2020-09-11 13:38:53.673119232,183.12,100,1599831533673119232
1706,2020-09-11 13:38:53.673184256,183.12,100,1599831533673184256
1707,2020-09-11 13:38:53.673215232,183.12,1,1599831533673215232
1708,2020-09-11 13:38:53.673281280,183.12,100,1599831533673281280
1709,2020-09-11 13:38:53.685248000,183.12,20,1599831533685248000
1710,2020-09-11 13:38:53.693393664,183.12,100,1599831533693393664
1711,2020-09-11 13:38:53.693442560,183.12,20,1599831533693442560
1712,2020-09-11 13:38:53.693472512,183.12,100,1599831533693472512
1713,2020-09-11 13:38:53.693487616,183.12,100,1599831533693487616
1714,2020-09-11 13:38:53.693527808,183.12,138,1599831533693527808
1715,2020-09-11 13:38:53.693577984,183.12,100,1599831533693577984
1716,2020-09-11 13:38:53.693607936,183.12,100,1599831533693607936
1717,2020-09-11 13:38:53.693668096,183.12,100,1599831533693668096
1718,2020-09-11 13:38:53.739674368,183.13,100,1599831533739674368
1719,2020-09-11 13:38:53.796087296,183.12,100,1599831533796087296
1720,2020-09-11 13:38:53.797019136,183.12,1100,1599831533797019136
1721,2020-09-11 13:38:53.866524672,183.13,100,1599831533866524672
1722,2020-09-11 13:38:53.866796544,183.13,200,1599831533866796544
1723,2020-09-11 13:38:53.866796544,183.13,100,1599831533866796544
1724,2020-09-11 13:38:53.867612672,183.13,700,1599831533867612672
1725,2020-09-11 13:38:53.913997568,183.12,900,1599831533913997568
1726,2020-09-11 13:38:53.919164928,183.13,100,1599831533919164928
1727,2020-09-11 13:38:53.919205376,183.13,86,1599831533919205376
1728,2020-09-11 13:38:53.919250176,183.13,400,1599831533919250176
1729,2020-09-11 13:38:53.919471104,183.13,100,1599831533919471104
1730,2020-09-11 13:38:53.919471104,183.13,100,1599831533919471104
1731,2020-09-11 13:38:53.919471104,183.13,400,1599831533919471104
1732,2020-09-11 13:38:53.936746752,183.12,400,1599831533936746752
1733,2020-09-11 13:38:56.420453376,183.14,1,1599831536420453376
1734,2020-09-11 13:38:56.420471296,183.14,99,1599831536420471296
1735,2020-09-11 13:38:56.420476416,183.14,100,1599831536420476416
1736,2020-09-11 13:38:56.423349504,183.1403,1,1599831536423349504
1737,2020-09-11 13:38:57.931474432,183.1699,25,1599831537931474432
1738,2020-09-11 13:39:03.423222272,183.1689,2,1599831543423222272
1739,2020-09-11 13:39:04.655655680,183.165,5,1599831544655655680
1740,2020-09-11 13:39:06.242717696,183.165,20,1599831546242717696
1741,2020-09-11 13:39:06.312784896,183.1599,309,1599831546312784896
1742,2020-09-11 13:39:06.454957568,183.1611,11,1599831546454957568
1743,2020-09-11 13:39:07.359341568,183.15,50,1599831547359341568
1744,2020-09-11 13:39:07.359359744,183.15,50,1599831547359359744
1745,2020-09-11 13:39:07.359386112,183.15,100,1599831547359386112
1746,2020-09-11 13:39:08.884761344,183.1301,20,1599831548884761344
1747,2020-09-11 13:39:09.216104192,183.145,50,1599831549216104192
1748,2020-09-11 13:39:10.193152256,183.1597,400,1599831550193152256
1749,2020-09-11 13:39:11.452637440,183.16,72,1599831551452637440
1750,2020-09-11 13:39:12.268002304,183.16,28,1599831552268002304
1751,2020-09-11 13:39:12.849411840,183.1502,50,1599831552849411840
1752,2020-09-11 13:39:13.814392576,183.15,100,1599831553814392576
1753,2020-09-11 13:39:16.688723968,183.1402,110,1599831556688723968
1754,2020-09-11 13:39:16.689314304,183.1402,100,1599831556689314304
1755,2020-09-11 13:39:16.922308352,183.14,75,1599831556922308352
1756,2020-09-11 13:39:17.963865088,183.14,100,1599831557963865088
1757,2020-09-11 13:39:17.964930816,183.13,35,1599831557964930816
1758,2020-09-11 13:39:17.964985088,183.13,100,1599831557964985088
1759,2020-09-11 13:39:18.410565376,183.13,4,1599831558410565376
1760,2020-09-11 13:39:21.902105088,183.1507,19,1599831561902105088
1761,2020-09-11 13:39:23.127044864,183.17,100,1599831563127044864
1762,2020-09-11 13:39:25.124258560,183.1699,200,1599831565124258560
1763,2020-09-11 13:39:27.074746880,183.17,100,1599831567074746880
1764,2020-09-11 13:39:28.627083776,183.18,70,1599831568627083776
1765,2020-09-11 13:39:28.637212928,183.18,200,1599831568637212928
1766,2020-09-11 13:39:29.274689280,183.16,100,1599831569274689280
1767,2020-09-11 13:39:30.500131840,183.18,2,1599831570500131840
1768,2020-09-11 13:39:30.912307712,183.16,95,1599831570912307712
1769,2020-09-11 13:39:30.912312832,183.16,2,1599831570912312832
1770,2020-09-11 13:39:30.912312832,183.16,5,1599831570912312832
1771,2020-09-11 13:39:30.912317696,183.16,2,1599831570912317696
1772,2020-09-11 13:39:30.912337920,183.16,2,1599831570912337920
1773,2020-09-11 13:39:30.912337920,183.16,2,1599831570912337920
1774,2020-09-11 13:39:30.912342784,183.16,7,1599831570912342784
1775,2020-09-11 13:39:30.912422912,183.16,200,1599831570912422912
1776,2020-09-11 13:39:30.912448000,183.16,7,1599831570912448000
1777,2020-09-11 13:39:30.912477952,183.16,7,1599831570912477952
1778,2020-09-11 13:39:30.912488192,183.16,973,1599831570912488192
1779,2020-09-11 13:39:30.912578816,183.16,2,1599831570912578816
1780,2020-09-11 13:39:30.912583424,183.16,98,1599831570912583424
1781,2020-09-11 13:39:30.912589568,183.16,702,1599831570912589568
1782,2020-09-11 13:39:30.912613632,183.16,100,1599831570912613632
1783,2020-09-11 13:39:30.912628992,183.16,1000,1599831570912628992
1784,2020-09-11 13:39:30.912649984,183.16,200,1599831570912649984
1785,2020-09-11 13:39:30.912653568,183.16,1300,1599831570912653568
1786,2020-09-11 13:39:30.912763904,183.15,100,1599831570912763904
1787,2020-09-11 13:39:30.912858880,183.15,100,1599831570912858880
1788,2020-09-11 13:39:30.912864000,183.15,200,1599831570912864000
1789,2020-09-11 13:39:30.913104640,183.15,100,1599831570913104640
1790,2020-09-11 13:39:35.726936832,183.14,1,1599831575726936832
1791,2020-09-11 13:39:36.051208704,183.14,20,1599831576051208704
1792,2020-09-11 13:39:36.051267328,183.14,4,1599831576051267328
1793,2020-09-11 13:39:37.949912576,183.1201,5,1599831577949912576
1794,2020-09-11 13:39:38.958691840,183.1359,600,1599831578958691840
1795,2020-09-11 13:39:39.621545216,183.1399,4,1599831579621545216
1796,2020-09-11 13:39:42.033473536,183.1399,2,1599831582033473536
1797,2020-09-11 13:39:45.187705600,183.1283,50,1599831585187705600
1798,2020-09-11 13:39:46.851946240,183.12,1,1599831586851946240
1799,2020-09-11 13:39:48.062723840,183.12,12,1599831588062723840
1800,2020-09-11 13:39:48.062939392,183.12,88,1599831588062939392
1801,2020-09-11 13:39:48.062944256,183.12,62,1599831588062944256
1802,2020-09-11 13:39:48.062999808,183.12,38,1599831588062999808
1803,2020-09-11 13:39:48.913457920,183.11,100,1599831588913457920
1804,2020-09-11 13:39:48.913482496,183.11,155,1599831588913482496
1805,2020-09-11 13:39:48.913517568,183.11,6,1599831588913517568
1806,2020-09-11 13:39:48.913537536,183.11,41,1599831588913537536
1807,2020-09-11 13:39:48.914114048,183.11,40,1599831588914114048
1808,2020-09-11 13:39:48.916389376,183.11,72,1599831588916389376
1809,2020-09-11 13:39:49.400502784,183.12,100,1599831589400502784
1810,2020-09-11 13:39:49.401754880,183.1173,200,1599831589401754880
1811,2020-09-11 13:39:49.403758848,183.1185,100,1599831589403758848
1812,2020-09-11 13:39:49.406620672,183.12,100,1599831589406620672
1813,2020-09-11 13:39:49.590167552,183.11,29,1599831589590167552
1814,2020-09-11 13:39:50.575058688,183.12,3,1599831590575058688
1815,2020-09-11 13:39:50.837175552,183.128,1,1599831590837175552
1816,2020-09-11 13:39:52.042750208,183.11,150,1599831592042750208
1817,2020-09-11 13:39:52.220603648,183.1,50,1599831592220603648
1818,2020-09-11 13:39:52.221054720,183.1,50,1599831592221054720
1819,2020-09-11 13:39:52.221085184,183.1,150,1599831592221085184
1820,2020-09-11 13:39:52.221089792,183.1,750,1599831592221089792
1821,2020-09-11 13:39:52.221165056,183.1,100,1599831592221165056
1822,2020-09-11 13:39:59.776615680,183.08,100,1599831599776615680
1823,2020-09-11 13:40:00.710784256,183.0655,2,1599831600710784256
1824,2020-09-11 13:40:02.290754304,183.0689,8,1599831602290754304
1825,2020-09-11 13:40:02.513358848,183.08,3,1599831602513358848
1826,2020-09-11 13:40:04.114669056,183.08,200,1599831604114669056
1827,2020-09-11 13:40:04.114673408,183.08,100,1599831604114673408
1828,2020-09-11 13:40:04.114728448,183.08,200,1599831604114728448
1829,2020-09-11 13:40:04.114753536,183.08,100,1599831604114753536
1830,2020-09-11 13:40:04.116388096,183.08,1,1599831604116388096
1831,2020-09-11 13:40:04.116773376,183.08,99,1599831604116773376
1832,2020-09-11 13:40:05.812980736,183.07,96,1599831605812980736
1833,2020-09-11 13:40:05.816043008,183.07,4,1599831605816043008
1834,2020-09-11 13:40:07.504376320,183.08,1,1599831607504376320
1835,2020-09-11 13:40:07.786086912,183.05,150,1599831607786086912
1836,2020-09-11 13:40:07.786121984,183.05,200,1599831607786121984
1837,2020-09-11 13:40:07.786126848,183.05,100,1599831607786126848
1838,2020-09-11 13:40:08.130772480,183.04,28,1599831608130772480
1839,2020-09-11 13:40:08.147471872,183.04,72,1599831608147471872
1840,2020-09-11 13:40:08.147582208,183.04,20,1599831608147582208
1841,2020-09-11 13:40:08.147612160,183.04,66,1599831608147612160
1842,2020-09-11 13:40:09.945691904,183.0269,5,1599831609945691904
1843,2020-09-11 13:40:10.372785408,183.01,22,1599831610372785408
1844,2020-09-11 13:40:10.588427008,183.0,5,1599831610588427008
1845,2020-09-11 13:40:10.699851776,183.0,8,1599831610699851776
1846,2020-09-11 13:40:13.231352320,183.015,217,1599831613231352320
1847,2020-09-11 13:40:13.382048768,183.005,1,1599831613382048768
1848,2020-09-11 13:40:14.650423040,183.0,100,1599831614650423040
1849,2020-09-11 13:40:14.652377344,183.0011,40,1599831614652377344
1850,2020-09-11 13:40:16.501087488,183.05,100,1599831616501087488
1851,2020-09-11 13:40:16.501091584,183.05,100,1599831616501091584
1852,2020-09-11 13:40:16.501097984,183.05,100,1599831616501097984
1853,2020-09-11 13:40:16.501097984,183.05,100,1599831616501097984
1854,2020-09-11 13:40:16.501101824,183.05,100,1599831616501101824
1855,2020-09-11 13:40:16.501106688,183.05,100,1599831616501106688
1856,2020-09-11 13:40:16.501151744,183.05,100,1599831616501151744
1857,2020-09-11 13:40:16.501161984,183.05,100,1599831616501161984
1858,2020-09-11 13:40:16.512714496,183.05,100,1599831616512714496
1859,2020-09-11 13:40:16.513060096,183.05,500,1599831616513060096
1860,2020-09-11 13:40:17.071309056,183.0463,1,1599831617071309056
1861,2020-09-11 13:40:18.404612608,183.05,30,1599831618404612608
1862,2020-09-11 13:40:19.633742080,183.05,1,1599831619633742080
1863,2020-09-11 13:40:19.794840832,183.06,1,1599831619794840832
1864,2020-09-11 13:40:21.183134976,183.0742,3,1599831621183134976
1865,2020-09-11 13:40:21.429701888,183.0899,5,1599831621429701888
1866,2020-09-11 13:40:21.572210944,183.05,25,1599831621572210944
1867,2020-09-11 13:40:21.578210304,183.09,187,1599831621578210304
1868,2020-09-11 13:40:21.591100928,183.0778,4,1599831621591100928
1869,2020-09-11 13:40:21.641565952,183.0565,22,1599831621641565952
1870,2020-09-11 13:40:22.176624384,183.0709,325,1599831622176624384
1871,2020-09-11 13:40:25.819204864,183.07,3,1599831625819204864
1872,2020-09-11 13:40:25.821263872,183.0799,3,1599831625821263872
1873,2020-09-11 13:40:25.911254016,183.07,70,1599831625911254016
1874,2020-09-11 13:40:25.911297280,183.07,27,1599831625911297280
1875,2020-09-11 13:40:26.179665920,183.0501,1,1599831626179665920
1876,2020-09-11 13:40:29.821899008,183.09,100,1599831629821899008
1877,2020-09-11 13:40:29.826058752,183.11,100,1599831629826058752
1878,2020-09-11 13:40:29.826154496,183.11,100,1599831629826154496
1879,2020-09-11 13:40:29.984467456,183.11,943,1599831629984467456
1880,2020-09-11 13:40:29.984470784,183.11,100,1599831629984470784
1881,2020-09-11 13:40:30.129327872,183.0967,20,1599831630129327872
1882,2020-09-11 13:40:39.513878272,183.11,2,1599831639513878272
1883,2020-09-11 13:40:39.982439936,183.1299,3,1599831639982439936
1884,2020-09-11 13:40:41.491681536,183.12,100,1599831641491681536
1885,2020-09-11 13:40:46.021131008,183.1,2,1599831646021131008
1886,2020-09-11 13:40:46.527265536,183.07,5,1599831646527265536
1887,2020-09-11 13:40:46.527290368,183.07,100,1599831646527290368
1888,2020-09-11 13:40:46.527328256,183.07,100,1599831646527328256
1889,2020-09-11 13:40:47.469682432,183.05,14,1599831647469682432
1890,2020-09-11 13:40:48.145175552,183.0622,50,1599831648145175552
1891,2020-09-11 13:40:49.277826560,183.062,4,1599831649277826560
1892,2020-09-11 13:40:49.500351232,183.0655,25,1599831649500351232
1893,2020-09-11 13:40:49.849872896,183.0799,1,1599831649849872896
1894,2020-09-11 13:40:53.208198912,183.0799,10,1599831653208198912
1895,2020-09-11 13:40:53.595104768,183.08,100,1599831653595104768
1896,2020-09-11 13:40:53.937552128,183.072,265,1599831653937552128
1897,2020-09-11 13:40:55.595255040,183.11,1,1599831655595255040
1898,2020-09-11 13:40:55.910817792,183.0803,8,1599831655910817792
1899,2020-09-11 13:40:57.312776960,183.095,217,1599831657312776960
1900,2020-09-11 13:41:00.814801408,183.12,7,1599831660814801408
1901,2020-09-11 13:41:02.209876736,183.06,30,1599831662209876736
1902,2020-09-11 13:41:02.209912064,183.06,100,1599831662209912064
1903,2020-09-11 13:41:02.209916928,183.06,200,1599831662209916928
1904,2020-09-11 13:41:02.209922816,183.06,300,1599831662209922816
1905,2020-09-11 13:41:02.209927168,183.06,200,1599831662209927168
1906,2020-09-11 13:41:02.210113536,183.08,870,1599831662210113536
1907,2020-09-11 13:41:02.210113536,183.07,100,1599831662210113536
1908,2020-09-11 13:41:02.210113536,183.06,100,1599831662210113536
1909,2020-09-11 13:41:02.210117376,183.06,100,1599831662210117376
1910,2020-09-11 13:41:02.224782336,183.06,1,1599831662224782336
1911,2020-09-11 13:41:02.258142464,183.0999,2,1599831662258142464
1912,2020-09-11 13:41:02.866419456,183.096,20,1599831662866419456
1913,2020-09-11 13:41:03.229258240,183.0999,100,1599831663229258240
1914,2020-09-11 13:41:04.367882752,183.0999,350,1599831664367882752
1915,2020-09-11 13:41:04.762116864,183.1,100,1599831664762116864
1916,2020-09-11 13:41:04.762221312,183.1,100,1599831664762221312
1917,2020-09-11 13:41:09.312906752,183.1201,500,1599831669312906752
1918,2020-09-11 13:41:09.960663552,183.14,20,1599831669960663552
1919,2020-09-11 13:41:10.292076800,183.132,46,1599831670292076800
1920,2020-09-11 13:41:10.507579648,183.14,50,1599831670507579648
1921,2020-09-11 13:41:11.112876032,183.1459,29,1599831671112876032
1922,2020-09-11 13:41:13.436584448,183.15,1,1599831673436584448
1923,2020-09-11 13:41:13.436594176,183.15,99,1599831673436594176
1924,2020-09-11 13:41:13.436679424,183.15,1,1599831673436679424
1925,2020-09-11 13:41:14.805374208,183.15,1,1599831674805374208
1926,2020-09-11 13:41:18.315340544,183.1411,20,1599831678315340544
1927,2020-09-11 13:41:18.698382848,183.16,1,1599831678698382848
1928,2020-09-11 13:41:18.755127296,183.16,5,1599831678755127296
1929,2020-09-11 13:41:19.052189696,183.15,30,1599831679052189696
1930,2020-09-11 13:41:19.790516480,183.1699,4,1599831679790516480
1931,2020-09-11 13:41:20.159940608,183.16,1,1599831680159940608
1932,2020-09-11 13:41:21.512576256,183.18,1088,1599831681512576256
1933,2020-09-11 13:41:21.512603648,183.18,180,1599831681512603648
1934,2020-09-11 13:41:21.512614144,183.18,300,1599831681512614144
1935,2020-09-11 13:41:21.512619008,183.18,300,1599831681512619008
1936,2020-09-11 13:41:21.512648704,183.18,130,1599831681512648704
1937,2020-09-11 13:41:21.512648704,183.18,200,1599831681512648704
1938,2020-09-11 13:41:21.512658688,183.18,100,1599831681512658688
1939,2020-09-11 13:41:21.512668928,183.18,40,1599831681512668928
1940,2020-09-11 13:41:21.512674304,183.18,60,1599831681512674304
1941,2020-09-11 13:41:21.562171392,183.2,100,1599831681562171392
1943,2020-09-11 13:41:21.562176512,183.2,30,1599831681562176512
1942,2020-09-11 13:41:21.562176512,183.2,1,1599831681562176512
1944,2020-09-11 13:41:21.562181632,183.2,11,1599831681562181632
1945,2020-09-11 13:41:21.562321920,183.2,10,1599831681562321920
1946,2020-09-11 13:41:21.562392064,183.2,59,1599831681562392064
1947,2020-09-11 13:41:21.562396928,183.2,6,1599831681562396928
1948,2020-09-11 13:41:21.562502400,183.2,10,1599831681562502400
1949,2020-09-11 13:41:21.562537728,183.2,80,1599831681562537728
1950,2020-09-11 13:41:21.562543616,183.2,20,1599831681562543616
1951,2020-09-11 13:41:21.562543616,183.2,100,1599831681562543616
1952,2020-09-11 13:41:21.562587648,183.2,185,1599831681562587648
1953,2020-09-11 13:41:21.562642944,183.2,40,1599831681562642944
1954,2020-09-11 13:41:21.562722816,183.2,100,1599831681562722816
1955,2020-09-11 13:41:21.562722816,183.2,10,1599831681562722816
1956,2020-09-11 13:41:21.562903296,183.2,545,1599831681562903296
1957,2020-09-11 13:41:21.840974848,183.2198,45,1599831681840974848
1958,2020-09-11 13:41:22.026265856,183.22,10,1599831682026265856
1959,2020-09-11 13:41:24.649236992,183.23,100,1599831684649236992
1960,2020-09-11 13:41:24.649249024,183.23,100,1599831684649249024
1961,2020-09-11 13:41:24.649840384,183.23,100,1599831684649840384
1962,2020-09-11 13:41:25.085361664,183.24,1,1599831685085361664
1963,2020-09-11 13:41:25.086188800,183.24,20,1599831685086188800
1964,2020-09-11 13:41:25.086456064,183.24,100,1599831685086456064
1965,2020-09-11 13:41:25.086459392,183.24,200,1599831685086459392
1966,2020-09-11 13:41:25.177997056,183.25,100,1599831685177997056
1967,2020-09-11 13:41:25.188688640,183.25,4,1599831685188688640
1968,2020-09-11 13:41:25.188688640,183.25,200,1599831685188688640
1969,2020-09-11 13:41:25.189198848,183.25,3,1599831685189198848
1970,2020-09-11 13:41:25.205041408,183.25,1,1599831685205041408
1971,2020-09-11 13:41:25.753897728,183.25,100,1599831685753897728
1972,2020-09-11 13:41:26.189134080,183.26,100,1599831686189134080
1973,2020-09-11 13:41:26.189492224,183.26,100,1599831686189492224
1974,2020-09-11 13:41:26.324822016,183.26,41,1599831686324822016
1975,2020-09-11 13:41:26.892708352,183.26,87,1599831686892708352
1976,2020-09-11 13:41:26.893100800,183.26,100,1599831686893100800
1977,2020-09-11 13:41:27.029491456,183.25,100,1599831687029491456
1978,2020-09-11 13:41:27.029759488,183.24,100,1599831687029759488
1979,2020-09-11 13:41:27.198401280,183.2309,500,1599831687198401280
1980,2020-09-11 13:41:29.633660416,183.2485,92,1599831689633660416
1981,2020-09-11 13:41:29.639343872,183.23,57,1599831689639343872
1982,2020-09-11 13:41:29.752749056,183.2499,3,1599831689752749056
1983,2020-09-11 13:41:30.015579648,183.24,1,1599831690015579648
1984,2020-09-11 13:41:30.223574528,183.23,1,1599831690223574528
1985,2020-09-11 13:41:30.231924736,183.23,36,1599831690231924736
1986,2020-09-11 13:41:31.060267776,183.26,100,1599831691060267776
1987,2020-09-11 13:41:31.060646656,183.26,100,1599831691060646656
1988,2020-09-11 13:41:31.060788224,183.2573,200,1599831691060788224
1989,2020-09-11 13:41:31.063739136,183.2573,100,1599831691063739136
1990,2020-09-11 13:41:31.829101056,183.23,700,1599831691829101056
1991,2020-09-11 13:41:32.066306048,183.23,82,1599831692066306048
1992,2020-09-11 13:41:32.447544064,183.245,2,1599831692447544064
1993,2020-09-11 13:41:32.926272512,183.2438,4,1599831692926272512
1994,2020-09-11 13:41:34.164885248,183.265,25,1599831694164885248
1995,2020-09-11 13:41:34.406948096,183.27,10,1599831694406948096
1996,2020-09-11 13:41:34.406951936,183.27,6,1599831694406951936
1997,2020-09-11 13:41:34.433269248,183.27,72,1599831694433269248
1998,2020-09-11 13:41:34.433274368,183.27,28,1599831694433274368
1999,2020-09-11 13:41:34.433530880,183.27,44,1599831694433530880
2000,2020-09-11 13:41:34.472196864,183.29,100,1599831694472196864
2001,2020-09-11 13:41:34.472467456,183.29,80,1599831694472467456
2002,2020-09-11 13:41:35.682701056,183.295,10,1599831695682701056
2003,2020-09-11 13:41:35.683899648,183.3,30,1599831695683899648
2004,2020-09-11 13:41:35.683904000,183.3,200,1599831695683904000
2005,2020-09-11 13:41:35.746884352,183.31,100,1599831695746884352
2006,2020-09-11 13:41:35.746884352,183.31,68,1599831695746884352
2007,2020-09-11 13:41:35.746896384,183.31,100,1599831695746896384
2008,2020-09-11 13:41:35.746924544,183.31,200,1599831695746924544
2009,2020-09-11 13:41:35.746930688,183.31,232,1599831695746930688
2010,2020-09-11 13:41:35.747124736,183.31,300,1599831695747124736
2011,2020-09-11 13:41:35.747131136,183.31,100,1599831695747131136
2012,2020-09-11 13:41:35.747134720,183.31,100,1599831695747134720
2013,2020-09-11 13:41:35.747139840,183.31,500,1599831695747139840
2014,2020-09-11 13:41:35.747144704,183.31,1000,1599831695747144704
2015,2020-09-11 13:41:35.747175168,183.31,100,1599831695747175168
2016,2020-09-11 13:41:35.747175168,183.31,1000,1599831695747175168
2017,2020-09-11 13:41:35.747194880,183.31,800,1599831695747194880
2018,2020-09-11 13:41:35.747265536,183.31,100,1599831695747265536
2019,2020-09-11 13:41:35.802436352,183.31,100,1599831695802436352
2020,2020-09-11 13:41:35.919043840,183.2999,1,1599831695919043840
2021,2020-09-11 13:41:37.684646144,183.32,1,1599831697684646144
2022,2020-09-11 13:41:38.545916160,183.32,100,1599831698545916160
2023,2020-09-11 13:41:42.494358784,183.34,100,1599831702494358784
2024,2020-09-11 13:41:42.494483968,183.34,200,1599831702494483968
2025,2020-09-11 13:41:42.823274496,183.35,30,1599831702823274496
2026,2020-09-11 13:41:42.823274496,183.35,30,1599831702823274496
2027,2020-09-11 13:41:43.053995520,183.36,300,1599831703053995520
2028,2020-09-11 13:41:43.057051136,183.36,500,1599831703057051136
2029,2020-09-11 13:41:44.492312064,183.36,100,1599831704492312064
2030,2020-09-11 13:41:44.492332032,183.36,100,1599831704492332032
2031,2020-09-11 13:41:44.937804288,183.3589,50,1599831704937804288
2032,2020-09-11 13:41:46.766433536,183.3853,100,1599831706766433536
2033,2020-09-11 13:41:47.750708480,183.36,100,1599831707750708480
2034,2020-09-11 13:41:47.750737664,183.36,200,1599831707750737664
2035,2020-09-11 13:41:47.750758912,183.36,1,1599831707750758912
2036,2020-09-11 13:41:47.751350016,183.35,100,1599831707751350016
2037,2020-09-11 13:41:47.868583424,183.35,1,1599831707868583424
2038,2020-09-11 13:41:48.496948736,183.345,8,1599831708496948736
2039,2020-09-11 13:41:49.182150656,183.34,100,1599831709182150656
2040,2020-09-11 13:41:49.407095040,183.35,65,1599831709407095040
2041,2020-09-11 13:41:49.407221248,183.35,100,1599831709407221248
2042,2020-09-11 13:41:50.433165056,183.3599,500,1599831710433165056
2043,2020-09-11 13:41:53.780035072,183.35,25,1599831713780035072
2044,2020-09-11 13:41:56.783049216,183.355,1000,1599831716783049216
2045,2020-09-11 13:41:57.863448832,183.3519,62,1599831717863448832
2046,2020-09-11 13:41:58.563194624,183.3569,15,1599831718563194624
2047,2020-09-11 13:42:00.041116928,183.34,42,1599831720041116928
2048,2020-09-11 13:42:00.904846848,183.35,300,1599831720904846848
2049,2020-09-11 13:42:00.904853248,183.36,900,1599831720904853248
2050,2020-09-11 13:42:00.904853248,183.35,200,1599831720904853248
2051,2020-09-11 13:42:00.904856320,183.35,100,1599831720904856320
2052,2020-09-11 13:42:00.905152000,183.35,200,1599831720905152000
2053,2020-09-11 13:42:00.905152000,183.35,100,1599831720905152000
2054,2020-09-11 13:42:00.905156864,183.36,200,1599831720905156864
2055,2020-09-11 13:42:00.905237248,183.35,100,1599831720905237248
2056,2020-09-11 13:42:00.905257984,183.35,200,1599831720905257984
2057,2020-09-11 13:42:00.905262336,183.35,100,1599831720905262336
2058,2020-09-11 13:42:01.059118080,183.35,100,1599831721059118080
2059,2020-09-11 13:42:01.405187840,183.34,100,1599831721405187840
2060,2020-09-11 13:42:01.405462016,183.34,10,1599831721405462016
2061,2020-09-11 13:42:01.405462016,183.34,100,1599831721405462016
2062,2020-09-11 13:42:01.405568256,183.34,90,1599831721405568256
2063,2020-09-11 13:42:04.044574208,183.35,5,1599831724044574208
2064,2020-09-11 13:42:06.702518784,183.355,1000,1599831726702518784
2065,2020-09-11 13:42:07.823141376,183.365,10,1599831727823141376
2066,2020-09-11 13:42:08.714768640,183.35,50,1599831728714768640
2067,2020-09-11 13:42:08.722961152,183.35,100,1599831728722961152
2068,2020-09-11 13:42:08.771730432,183.35,50,1599831728771730432
2069,2020-09-11 13:42:09.404216320,183.35,3,1599831729404216320
2070,2020-09-11 13:42:09.746112512,183.3499,10,1599831729746112512
2071,2020-09-11 13:42:09.864935424,183.33,8,1599831729864935424
2072,2020-09-11 13:42:09.865531648,183.33,200,1599831729865531648
2073,2020-09-11 13:42:10.907396608,183.35,200,1599831730907396608
2074,2020-09-11 13:42:10.907421696,183.35,100,1599831730907421696
2075,2020-09-11 13:42:10.907456768,183.35,35,1599831730907456768
2076,2020-09-11 13:42:13.213509632,183.34,49,1599831733213509632
2077,2020-09-11 13:42:13.494308096,183.34,19,1599831733494308096
2078,2020-09-11 13:42:13.494332928,183.34,32,1599831733494332928
2079,2020-09-11 13:42:16.385534464,183.335,12,1599831736385534464
2080,2020-09-11 13:42:17.897083136,183.335,100,1599831737897083136
2081,2020-09-11 13:42:18.242408960,183.34,100,1599831738242408960
2082,2020-09-11 13:42:18.252823296,183.3498,420,1599831738252823296
2083,2020-09-11 13:42:20.239170048,183.34,5,1599831740239170048
2084,2020-09-11 13:42:20.470933760,183.34,1,1599831740470933760
2085,2020-09-11 13:42:20.499634944,183.34,10,1599831740499634944
2086,2020-09-11 13:42:20.656919808,183.35,100,1599831740656919808
2087,2020-09-11 13:42:20.664427520,183.35,100,1599831740664427520
2088,2020-09-11 13:42:20.671037696,183.35,100,1599831740671037696
2089,2020-09-11 13:42:20.988804352,183.33,100,1599831740988804352
2090,2020-09-11 13:42:20.989430784,183.3303,50,1599831740989430784
2091,2020-09-11 13:42:20.991490816,183.3303,100,1599831740991490816
2092,2020-09-11 13:42:21.003599616,183.33,100,1599831741003599616
2093,2020-09-11 13:42:24.599076608,183.35,100,1599831744599076608
2094,2020-09-11 13:42:27.289164544,183.351,500,1599831747289164544
2095,2020-09-11 13:42:27.558453760,183.35,100,1599831747558453760
2096,2020-09-11 13:42:28.339778816,183.3478,3,1599831748339778816
2097,2020-09-11 13:42:29.259993600,183.35,100,1599831749259993600
2098,2020-09-11 13:42:29.286521600,183.35,100,1599831749286521600
2099,2020-09-11 13:42:29.318853632,183.35,100,1599831749318853632
2100,2020-09-11 13:42:29.922810624,183.34,200,1599831749922810624
2101,2020-09-11 13:42:31.593967872,183.335,6,1599831751593967872
2102,2020-09-11 13:42:33.611003392,183.345,100,1599831753611003392
2103,2020-09-11 13:42:33.614957824,183.345,200,1599831753614957824
2104,2020-09-11 13:42:33.617885952,183.33,50,1599831753617885952
2105,2020-09-11 13:42:34.292807936,183.3361,50,1599831754292807936
2106,2020-09-11 13:42:35.074260480,183.33,100,1599831755074260480
2107,2020-09-11 13:42:35.074551040,183.33,99,1599831755074551040
2108,2020-09-11 13:42:35.074878208,183.34,100,1599831755074878208
2109,2020-09-11 13:42:35.074892032,183.34,100,1599831755074892032
2110,2020-09-11 13:42:35.075062272,183.34,100,1599831755075062272
2111,2020-09-11 13:42:35.075077376,183.34,100,1599831755075077376
2112,2020-09-11 13:42:35.075558656,183.33,1,1599831755075558656
2113,2020-09-11 13:42:35.075558656,183.33,79,1599831755075558656
2114,2020-09-11 13:42:35.076109824,183.34,100,1599831755076109824
2115,2020-09-11 13:42:35.097501440,183.33,21,1599831755097501440
2116,2020-09-11 13:42:35.097505792,183.33,19,1599831755097505792
2117,2020-09-11 13:42:35.097575936,183.33,40,1599831755097575936
2118,2020-09-11 13:42:35.097580800,183.33,41,1599831755097580800
2119,2020-09-11 13:42:35.097585920,183.33,59,1599831755097585920
2120,2020-09-11 13:42:35.097606912,183.33,10,1599831755097606912
2121,2020-09-11 13:42:35.097616128,183.33,31,1599831755097616128
2122,2020-09-11 13:42:35.097620992,183.33,9,1599831755097620992
2123,2020-09-11 13:42:35.097626112,183.33,39,1599831755097626112
2124,2020-09-11 13:42:35.097640960,183.33,10,1599831755097640960
2125,2020-09-11 13:42:35.097851392,183.33,42,1599831755097851392
2126,2020-09-11 13:42:35.158099968,183.33,600,1599831755158099968
2127,2020-09-11 13:42:35.159057152,183.33,200,1599831755159057152
2128,2020-09-11 13:42:35.170594560,183.33,800,1599831755170594560
2129,2020-09-11 13:42:35.179872000,183.33,1000,1599831755179872000
2130,2020-09-11 13:42:35.189103616,183.3298,1000,1599831755189103616
2131,2020-09-11 13:42:35.196661760,183.3298,1000,1599831755196661760
2132,2020-09-11 13:42:35.206565120,183.3298,200,1599831755206565120
2133,2020-09-11 13:42:35.207291904,183.3298,200,1599831755207291904
2134,2020-09-11 13:42:35.218719232,183.3298,300,1599831755218719232
2135,2020-09-11 13:42:35.224559104,183.33,100,1599831755224559104
2136,2020-09-11 13:42:35.243663616,183.33,200,1599831755243663616
2137,2020-09-11 13:42:35.260824320,183.33,100,1599831755260824320
2138,2020-09-11 13:42:35.266077696,183.34,9000,1599831755266077696
2139,2020-09-11 13:42:36.318019584,183.32,1,1599831756318019584
2140,2020-09-11 13:42:37.136573184,183.32,100,1599831757136573184
2141,2020-09-11 13:42:38.050945536,183.315,1,1599831758050945536
2142,2020-09-11 13:42:38.426707968,183.315,5,1599831758426707968
2143,2020-09-11 13:42:39.764998656,183.3399,15,1599831759764998656
2144,2020-09-11 13:42:40.884482816,183.34,10,1599831760884482816
2145,2020-09-11 13:42:41.143366912,183.31,10,1599831761143366912
2146,2020-09-11 13:42:41.143840512,183.31,50,1599831761143840512
2147,2020-09-11 13:42:41.143850496,183.31,50,1599831761143850496
2148,2020-09-11 13:42:41.144439552,183.32,100,1599831761144439552
2149,2020-09-11 13:42:41.144742656,183.32,100,1599831761144742656
2150,2020-09-11 13:42:41.144837888,183.325,100,1599831761144837888
2151,2020-09-11 13:42:41.145109248,183.325,200,1599831761145109248
2152,2020-09-11 13:42:41.145364480,183.325,100,1599831761145364480
2153,2020-09-11 13:42:41.145479936,183.325,200,1599831761145479936
2154,2020-09-11 13:42:41.145499648,183.315,100,1599831761145499648
2155,2020-09-11 13:42:41.146170880,183.325,200,1599831761146170880
2156,2020-09-11 13:42:41.146481664,183.325,200,1599831761146481664
2157,2020-09-11 13:42:41.146747392,183.32,200,1599831761146747392
2158,2020-09-11 13:42:41.147554304,183.32,200,1599831761147554304
2159,2020-09-11 13:42:41.531768576,183.32,180,1599831761531768576
2160,2020-09-11 13:42:42.168563968,183.32,100,1599831762168563968
2161,2020-09-11 13:42:42.169215488,183.32,100,1599831762169215488
2162,2020-09-11 13:42:42.169791744,183.32,200,1599831762169791744
2163,2020-09-11 13:42:42.858895104,183.32,10,1599831762858895104
2164,2020-09-11 13:42:43.995693312,183.32,1,1599831763995693312
2165,2020-09-11 13:42:43.997857024,183.32,9,1599831763997857024
2166,2020-09-11 13:42:44.197692160,183.3101,5,1599831764197692160
2167,2020-09-11 13:42:44.824654080,183.3101,10,1599831764824654080
2168,2020-09-11 13:42:48.102716416,183.345,50,1599831768102716416
2169,2020-09-11 13:42:48.273402624,183.345,15,1599831768273402624
2170,2020-09-11 13:42:49.898580992,183.34,50,1599831769898580992
2171,2020-09-11 13:42:51.814694912,183.35,70,1599831771814694912
2172,2020-09-11 13:42:51.815236096,183.35,30,1599831771815236096
2173,2020-09-11 13:42:51.816338688,183.34,100,1599831771816338688
2174,2020-09-11 13:42:52.240224256,183.36,100,1599831772240224256
2175,2020-09-11 13:42:53.455822336,183.37,150,1599831773455822336
2176,2020-09-11 13:42:53.456045312,183.37,50,1599831773456045312
2177,2020-09-11 13:42:53.456061952,183.37,100,1599831773456061952
2178,2020-09-11 13:42:54.392799488,183.36,160,1599831774392799488
2179,2020-09-11 13:42:54.434103040,183.3466,1000,1599831774434103040
2180,2020-09-11 13:42:55.328425984,183.37,100,1599831775328425984
2181,2020-09-11 13:42:57.481666048,183.368,2,1599831777481666048
2182,2020-09-11 13:42:58.687934208,183.36,200,1599831778687934208
2183,2020-09-11 13:43:01.611389440,183.35,100,1599831781611389440
2184,2020-09-11 13:43:01.611404288,183.35,50,1599831781611404288
2185,2020-09-11 13:43:01.611454464,183.35,40,1599831781611454464
2186,2020-09-11 13:43:01.611579904,183.35,10,1599831781611579904
2187,2020-09-11 13:43:01.612582144,183.34,27,1599831781612582144
2188,2020-09-11 13:43:01.612687360,183.34,73,1599831781612687360
2189,2020-09-11 13:43:01.613414400,183.345,100,1599831781613414400
2190,2020-09-11 13:43:01.630078720,183.33,10,1599831781630078720
2191,2020-09-11 13:43:01.630550016,183.33,40,1599831781630550016
2192,2020-09-11 13:43:01.762438912,183.33,100,1599831781762438912
2193,2020-09-11 13:43:02.096285184,183.34,100,1599831782096285184
2194,2020-09-11 13:43:02.096288256,183.34,900,1599831782096288256
2195,2020-09-11 13:43:02.096299264,183.34,100,1599831782096299264
2196,2020-09-11 13:43:02.096304384,183.34,154,1599831782096304384
2197,2020-09-11 13:43:02.096304384,183.34,546,1599831782096304384
2198,2020-09-11 13:43:02.096533760,183.34,100,1599831782096533760
2199,2020-09-11 13:43:02.096548864,183.34,100,1599831782096548864
2200,2020-09-11 13:43:02.848880896,183.36,20,1599831782848880896
2201,2020-09-11 13:43:02.848889344,183.36,30,1599831782848889344
2202,2020-09-11 13:43:02.900903168,183.36,100,1599831782900903168
2203,2020-09-11 13:43:02.920970752,183.34,400,1599831782920970752
2204,2020-09-11 13:43:02.920980992,183.34,500,1599831782920980992
2205,2020-09-11 13:43:02.920985856,183.34,400,1599831782920985856
2206,2020-09-11 13:43:02.920985856,183.34,200,1599831782920985856
2207,2020-09-11 13:43:02.921432064,183.34,400,1599831782921432064
2208,2020-09-11 13:43:02.921436928,183.34,100,1599831782921436928
2209,2020-09-11 13:43:02.921442048,183.34,100,1599831782921442048
2210,2020-09-11 13:43:02.921447936,183.34,100,1599831782921447936
2211,2020-09-11 13:43:02.921447936,183.34,100,1599831782921447936
2212,2020-09-11 13:43:02.921527552,183.34,100,1599831782921527552
2213,2020-09-11 13:43:02.921527552,183.34,500,1599831782921527552
2214,2020-09-11 13:43:02.921532160,183.34,100,1599831782921532160
2215,2020-09-11 13:43:02.921532160,183.34,200,1599831782921532160
2216,2020-09-11 13:43:02.929491200,183.34,100,1599831782929491200
2217,2020-09-11 13:43:02.929496064,183.34,500,1599831782929496064
2218,2020-09-11 13:43:02.929997312,183.36,100,1599831782929997312
2219,2020-09-11 13:43:03.992700160,183.365,500,1599831783992700160
2220,2020-09-11 13:43:04.724112640,183.3403,10,1599831784724112640
2221,2020-09-11 13:43:05.664632832,183.34,100,1599831785664632832
2223,2020-09-11 13:43:05.664637952,183.34,100,1599831785664637952
2222,2020-09-11 13:43:05.664637952,183.355,100,1599831785664637952
2224,2020-09-11 13:43:05.665282816,183.35,100,1599831785665282816
2225,2020-09-11 13:43:05.665306880,183.35,100,1599831785665306880
2226,2020-09-11 13:43:05.666349312,183.35,100,1599831785666349312
2227,2020-09-11 13:43:05.882433536,183.345,5,1599831785882433536
2228,2020-09-11 13:43:05.967491328,183.35,200,1599831785967491328
2229,2020-09-11 13:43:06.028491520,183.35,100,1599831786028491520
2230,2020-09-11 13:43:06.029098240,183.35,100,1599831786029098240
2231,2020-09-11 13:43:06.130350592,183.35,100,1599831786130350592
2232,2020-09-11 13:43:06.265665792,183.34,100,1599831786265665792
2233,2020-09-11 13:43:06.265941504,183.35,100,1599831786265941504
2234,2020-09-11 13:43:06.266347520,183.35,100,1599831786266347520
2235,2020-09-11 13:43:06.266362880,183.35,100,1599831786266362880
2236,2020-09-11 13:43:06.266443776,183.35,100,1599831786266443776
2237,2020-09-11 13:43:06.267079424,183.35,100,1599831786267079424
2238,2020-09-11 13:43:06.267400448,183.35,100,1599831786267400448
2239,2020-09-11 13:43:06.367358720,183.355,200,1599831786367358720
2240,2020-09-11 13:43:06.468318464,183.355,100,1599831786468318464
2241,2020-09-11 13:43:06.468318464,183.35,100,1599831786468318464
2242,2020-09-11 13:43:06.569729792,183.355,100,1599831786569729792
2243,2020-09-11 13:43:06.670539776,183.35,100,1599831786670539776
2244,2020-09-11 13:43:06.771961088,183.35,100,1599831786771961088
2245,2020-09-11 13:43:07.097032960,183.345,100,1599831787097032960
2246,2020-09-11 13:43:07.097035776,183.34,100,1599831787097035776
2247,2020-09-11 13:43:07.097591296,183.345,100,1599831787097591296
2248,2020-09-11 13:43:07.097676288,183.345,100,1599831787097676288
2249,2020-09-11 13:43:07.097746432,183.345,100,1599831787097746432
2250,2020-09-11 13:43:07.099335680,183.345,100,1599831787099335680
2251,2020-09-11 13:43:07.943604224,183.34,100,1599831787943604224
2252,2020-09-11 13:43:10.737212928,183.3466,1,1599831790737212928
2253,2020-09-11 13:43:11.237017344,183.3401,1,1599831791237017344
2254,2020-09-11 13:43:13.787899648,183.355,100,1599831793787899648
2255,2020-09-11 13:43:13.834004224,183.36,100,1599831793834004224
2256,2020-09-11 13:43:13.935343616,183.35,100,1599831793935343616
2257,2020-09-11 13:43:13.935439872,183.35,10,1599831793935439872
2258,2020-09-11 13:43:13.935488768,183.35,50,1599831793935488768
2259,2020-09-11 13:43:13.935503872,183.355,100,1599831793935503872
2260,2020-09-11 13:43:13.935503872,183.35,40,1599831793935503872
2261,2020-09-11 13:43:13.935518976,183.35,100,1599831793935518976
2262,2020-09-11 13:43:13.936085248,183.345,100,1599831793936085248
2263,2020-09-11 13:43:13.937924608,183.345,100,1599831793937924608
2264,2020-09-11 13:43:15.526189568,183.34,10,1599831795526189568
2265,2020-09-11 13:43:15.804722944,183.35,1,1599831795804722944
2266,2020-09-11 13:43:17.084250112,183.33,100,1599831797084250112
2267,2020-09-11 13:43:17.084397824,183.33,96,1599831797084397824
2268,2020-09-11 13:43:17.084900096,183.34,100,1599831797084900096
2269,2020-09-11 13:43:17.085310208,183.34,100,1599831797085310208
2270,2020-09-11 13:43:17.086161664,183.34,100,1599831797086161664
2271,2020-09-11 13:43:17.086532608,183.34,100,1599831797086532608
2272,2020-09-11 13:43:18.201733120,183.345,100,1599831798201733120
2273,2020-09-11 13:43:18.201733120,183.34,100,1599831798201733120
2274,2020-09-11 13:43:18.302517248,183.34,104,1599831798302517248
2275,2020-09-11 13:43:18.303123456,183.345,100,1599831798303123456
2276,2020-09-11 13:43:18.303188736,183.345,100,1599831798303188736
2277,2020-09-11 13:43:18.303303936,183.345,100,1599831798303303936
2278,2020-09-11 13:43:18.304166144,183.345,100,1599831798304166144
2279,2020-09-11 13:43:18.403638016,183.34,100,1599831798403638016
2280,2020-09-11 13:43:18.504668672,183.34,4,1599831798504668672
2281,2020-09-11 13:43:18.504668672,183.34,96,1599831798504668672
2282,2020-09-11 13:43:18.605734144,183.34,4,1599831798605734144
2283,2020-09-11 13:43:18.605739008,183.34,96,1599831798605739008
2284,2020-09-11 13:43:18.706514176,183.34,4,1599831798706514176
2285,2020-09-11 13:43:18.706514176,183.34,96,1599831798706514176
2286,2020-09-11 13:43:18.707085568,183.345,100,1599831798707085568
2287,2020-09-11 13:43:18.707211520,183.345,100,1599831798707211520
2288,2020-09-11 13:43:18.707265792,183.345,100,1599831798707265792
2289,2020-09-11 13:43:18.708137984,183.345,100,1599831798708137984
2290,2020-09-11 13:43:18.807755008,183.345,100,1599831798807755008
2291,2020-09-11 13:43:18.908709888,183.34,100,1599831798908709888
2292,2020-09-11 13:43:19.009564928,183.34,100,1599831799009564928
2293,2020-09-11 13:43:19.110224640,183.34,100,1599831799110224640
2294,2020-09-11 13:43:19.210763520,183.34,100,1599831799210763520
2295,2020-09-11 13:43:19.211370240,183.345,100,1599831799211370240
2296,2020-09-11 13:43:19.211485440,183.345,100,1599831799211485440
2297,2020-09-11 13:43:19.211495680,183.345,100,1599831799211495680
2298,2020-09-11 13:43:19.212363008,183.345,100,1599831799212363008
2299,2020-09-11 13:43:19.311473408,183.345,100,1599831799311473408
2300,2020-09-11 13:43:19.412563968,183.345,100,1599831799412563968
2301,2020-09-11 13:43:19.513809664,183.34,100,1599831799513809664
2302,2020-09-11 13:43:19.614494208,183.34,100,1599831799614494208
2303,2020-09-11 13:43:19.614569472,183.34,3,1599831799614569472
2304,2020-09-11 13:43:19.715861248,183.34,97,1599831799715861248
2305,2020-09-11 13:43:19.715865600,183.34,3,1599831799715865600
2306,2020-09-11 13:43:19.717233664,183.34,97,1599831799717233664
2307,2020-09-11 13:43:19.717835264,183.34,100,1599831799717835264
2308,2020-09-11 13:43:19.717855232,183.34,100,1599831799717855232
2309,2020-09-11 13:43:19.717925376,183.34,100,1599831799717925376
2310,2020-09-11 13:43:20.643733504,183.335,1,1599831800643733504
2311,2020-09-11 13:43:20.700996864,183.34,100,1599831800700996864
2312,2020-09-11 13:43:20.702202624,183.34,100,1599831800702202624
2313,2020-09-11 13:43:20.702202624,183.34,100,1599831800702202624
2314,2020-09-11 13:43:20.803113728,183.34,100,1599831800803113728
2315,2020-09-11 13:43:20.803694080,183.345,100,1599831800803694080
2316,2020-09-11 13:43:20.803810048,183.345,100,1599831800803810048
2317,2020-09-11 13:43:20.803879680,183.345,100,1599831800803879680
2318,2020-09-11 13:43:20.804806656,183.345,100,1599831800804806656
2319,2020-09-11 13:43:22.206161664,183.33,100,1599831802206161664
2320,2020-09-11 13:43:22.206241792,183.33,20,1599831802206241792
2321,2020-09-11 13:43:22.206316800,183.33,100,1599831802206316800
2322,2020-09-11 13:43:22.307522816,183.33,80,1599831802307522816
2323,2020-09-11 13:43:22.307668480,183.335,100,1599831802307668480
2324,2020-09-11 13:43:22.308289536,183.335,100,1599831802308289536
2325,2020-09-11 13:43:22.309502464,183.335,100,1599831802309502464
2326,2020-09-11 13:43:22.408493056,183.33,100,1599831802408493056
2327,2020-09-11 13:43:22.408498176,183.33,100,1599831802408498176
2328,2020-09-11 13:43:22.509505024,183.33,100,1599831802509505024
2329,2020-09-11 13:43:22.509508608,183.33,100,1599831802509508608
2330,2020-09-11 13:43:22.518815744,183.34,100,1599831802518815744
2331,2020-09-11 13:43:22.610790912,183.33,100,1599831802610790912
2332,2020-09-11 13:43:22.611376128,183.335,100,1599831802611376128
2333,2020-09-11 13:43:22.611395840,183.335,100,1599831802611395840
2334,2020-09-11 13:43:22.611511296,183.335,100,1599831802611511296
2335,2020-09-11 13:43:22.612804352,183.335,100,1599831802612804352
2336,2020-09-11 13:43:26.623095808,183.33,200,1599831806623095808
2337,2020-09-11 13:43:26.658274560,183.34,300,1599831806658274560
2338,2020-09-11 13:43:26.723954944,183.335,100,1599831806723954944
2339,2020-09-11 13:43:26.723958784,183.33,100,1599831806723958784
2340,2020-09-11 13:43:26.824698624,183.33,100,1599831806824698624
2341,2020-09-11 13:43:26.824698624,183.33,100,1599831806824698624
2342,2020-09-11 13:43:27.347928576,183.34,55,1599831807347928576
2343,2020-09-11 13:43:27.670611712,183.32,25,1599831807670611712
2344,2020-09-11 13:43:28.158007552,183.34,100,1599831808158007552
2345,2020-09-11 13:43:30.084240384,183.33,100,1599831810084240384
2346,2020-09-11 13:43:32.085317888,183.325,100,1599831812085317888
2347,2020-09-11 13:43:32.186619136,183.32,100,1599831812186619136
2348,2020-09-11 13:43:32.186639360,183.32,10,1599831812186639360
2349,2020-09-11 13:43:32.188328192,183.32,90,1599831812188328192
2350,2020-09-11 13:43:32.352469248,183.32,1,1599831812352469248
2351,2020-09-11 13:43:32.973767936,183.325,5,1599831812973767936
2352,2020-09-11 13:43:32.974003456,183.3398,5,1599831812974003456
2353,2020-09-11 13:43:33.243504640,183.3204,11,1599831813243504640
2354,2020-09-11 13:43:37.256454656,183.33,100,1599831817256454656
2355,2020-09-11 13:43:37.257010944,183.32,100,1599831817257010944
2356,2020-09-11 13:43:37.257196288,183.32,10,1599831817257196288
2357,2020-09-11 13:43:37.257201408,183.32,10,1599831817257201408
2358,2020-09-11 13:43:37.257281536,183.33,100,1599831817257281536
2359,2020-09-11 13:43:37.257722624,183.33,166,1599831817257722624
2360,2020-09-11 13:43:37.257748736,183.33,100,1599831817257748736
2361,2020-09-11 13:43:37.257842944,183.33,100,1599831817257842944
2362,2020-09-11 13:43:37.257857792,183.33,100,1599831817257857792
2363,2020-09-11 13:43:37.258424320,183.33,100,1599831817258424320
2364,2020-09-11 13:43:37.258860288,183.33,100,1599831817258860288
2365,2020-09-11 13:43:37.259060736,183.33,100,1599831817259060736
2366,2020-09-11 13:43:37.259526912,183.33,100,1599831817259526912
2367,2020-09-11 13:43:37.357906944,183.32,100,1599831817357906944
2368,2020-09-11 13:43:37.458585344,183.32,80,1599831817458585344
2369,2020-09-11 13:43:37.458585344,183.32,20,1599831817458585344
2370,2020-09-11 13:43:37.459206912,183.33,100,1599831817459206912
2371,2020-09-11 13:43:39.132205056,183.34,100,1599831819132205056
2372,2020-09-11 13:43:39.232712448,183.34,100,1599831819232712448
2373,2020-09-11 13:43:39.232717056,183.34,100,1599831819232717056
2374,2020-09-11 13:43:39.234807040,183.34,1000,1599831819234807040
2375,2020-09-11 13:43:40.765830400,183.33,7,1599831820765830400
2376,2020-09-11 13:43:40.766051072,183.33,30,1599831820766051072
2377,2020-09-11 13:43:40.766161152,183.335,100,1599831820766161152
2378,2020-09-11 13:43:40.768987904,183.33,7,1599831820768987904
2379,2020-09-11 13:43:40.772045056,183.33,7,1599831820772045056
2380,2020-09-11 13:43:40.775068160,183.33,7,1599831820775068160
2381,2020-09-11 13:43:40.778085120,183.33,7,1599831820778085120
2382,2020-09-11 13:43:40.781116672,183.33,7,1599831820781116672
2383,2020-09-11 13:43:41.094148352,183.335,50,1599831821094148352
2384,2020-09-11 13:43:41.517875456,183.34,100,1599831821517875456
2385,2020-09-11 13:43:42.500750592,183.3308,165,1599831822500750592
2386,2020-09-11 13:43:42.565360128,183.335,100,1599831822565360128
2387,2020-09-11 13:43:42.565415936,183.335,100,1599831822565415936
2388,2020-09-11 13:43:42.565419520,183.33,100,1599831822565419520
2389,2020-09-11 13:43:42.565440000,183.33,100,1599831822565440000
2390,2020-09-11 13:43:42.565440000,183.335,100,1599831822565440000
2391,2020-09-11 13:43:42.565445120,183.335,100,1599831822565445120
2392,2020-09-11 13:43:42.565449472,183.33,28,1599831822565449472
2393,2020-09-11 13:43:42.565454848,183.33,266,1599831822565454848
2394,2020-09-11 13:43:42.565514752,183.33,200,1599831822565514752
2395,2020-09-11 13:43:42.565715200,183.32,80,1599831822565715200
2396,2020-09-11 13:43:42.565720576,183.32,100,1599831822565720576
2397,2020-09-11 13:43:42.565730560,183.32,100,1599831822565730560
2398,2020-09-11 13:43:42.566041088,183.335,100,1599831822566041088
2399,2020-09-11 13:43:42.566161408,183.335,200,1599831822566161408
2400,2020-09-11 13:43:42.566261504,183.335,100,1599831822566261504
2401,2020-09-11 13:43:42.567264512,183.335,100,1599831822567264512
2402,2020-09-11 13:43:42.672791552,183.3283,38,1599831822672791552
2403,2020-09-11 13:43:42.785398272,183.324,4,1599831822785398272
2404,2020-09-11 13:43:42.922399232,183.3299,100,1599831822922399232
2405,2020-09-11 13:43:45.896480512,183.33,1300,1599831825896480512
2406,2020-09-11 13:43:45.896541184,183.33,2000,1599831825896541184
2407,2020-09-11 13:43:45.930260992,183.325,12,1599831825930260992
2408,2020-09-11 13:43:46.310846720,183.3299,28,1599831826310846720
2409,2020-09-11 13:43:47.862320640,183.33,1000,1599831827862320640
2410,2020-09-11 13:43:47.989562624,183.33,100,1599831827989562624
2411,2020-09-11 13:43:47.989562624,183.33,100,1599831827989562624
2412,2020-09-11 13:43:47.989732608,183.33,300,1599831827989732608
2413,2020-09-11 13:43:47.989732608,183.33,200,1599831827989732608
2414,2020-09-11 13:43:47.989737984,183.33,100,1599831827989737984
2415,2020-09-11 13:43:47.989737984,183.33,100,1599831827989737984
2416,2020-09-11 13:43:47.989742592,183.32,100,1599831827989742592
2417,2020-09-11 13:43:47.990315264,183.335,100,1599831827990315264
2418,2020-09-11 13:43:47.990419200,183.335,200,1599831827990419200
2419,2020-09-11 13:43:48.018391296,183.33,100,1599831828018391296
2420,2020-09-11 13:43:48.033206016,183.33,400,1599831828033206016
2421,2020-09-11 13:43:48.053293824,183.31,10,1599831828053293824
2422,2020-09-11 13:43:48.053293824,183.325,100,1599831828053293824
2423,2020-09-11 13:43:48.053298944,183.325,100,1599831828053298944
2424,2020-09-11 13:43:48.053459200,183.32,200,1599831828053459200
2425,2020-09-11 13:43:48.053459200,183.32,100,1599831828053459200
2426,2020-09-11 13:43:48.054046208,183.325,100,1599831828054046208
2427,2020-09-11 13:43:48.054120704,183.325,200,1599831828054120704
2428,2020-09-11 13:43:48.054135808,183.325,100,1599831828054135808
2429,2020-09-11 13:43:48.055343616,183.325,100,1599831828055343616
2430,2020-09-11 13:43:48.135956480,183.325,100,1599831828135956480
2431,2020-09-11 13:43:48.135960576,183.32,100,1599831828135960576
2432,2020-09-11 13:43:48.136130816,183.32,100,1599831828136130816
2433,2020-09-11 13:43:48.136136448,183.32,100,1599831828136136448
2434,2020-09-11 13:43:48.136136448,183.32,200,1599831828136136448
2435,2020-09-11 13:43:48.136141056,183.32,100,1599831828136141056
2436,2020-09-11 13:43:48.173760512,183.33,9,1599831828173760512
2437,2020-09-11 13:43:49.041827584,183.33,1,1599831829041827584
2438,2020-09-11 13:43:49.371829248,183.33,200,1599831829371829248
2439,2020-09-11 13:43:49.870318592,183.321,500,1599831829870318592
2440,2020-09-11 13:43:50.285163008,183.33,2000,1599831830285163008
2441,2020-09-11 13:43:50.285186048,183.33,1300,1599831830285186048
2442,2020-09-11 13:43:50.319173632,183.33,200,1599831830319173632
2443,2020-09-11 13:43:50.383616256,183.33,100,1599831830383616256
2444,2020-09-11 13:43:50.383620608,183.325,100,1599831830383620608
2445,2020-09-11 13:43:50.383781120,183.325,100,1599831830383781120
2446,2020-09-11 13:43:50.383781120,183.32,100,1599831830383781120
2447,2020-09-11 13:43:50.530090496,183.32,100,1599831830530090496
2448,2020-09-11 13:43:50.530856192,183.325,100,1599831830530856192
2449,2020-09-11 13:43:50.531893504,183.325,100,1599831830531893504
2450,2020-09-11 13:43:51.144602112,183.329,25,1599831831144602112
2451,2020-09-11 13:43:51.732099072,183.32,200,1599831831732099072
2452,2020-09-11 13:43:51.732720640,183.325,100,1599831831732720640
2453,2020-09-11 13:43:51.732805888,183.325,200,1599831831732805888
2454,2020-09-11 13:43:51.799606272,183.32,200,1599831831799606272
2455,2020-09-11 13:43:51.799609856,183.32,100,1599831831799609856
2456,2020-09-11 13:43:51.799609856,183.32,100,1599831831799609856
2457,2020-09-11 13:43:51.799614464,183.33,300,1599831831799614464
2458,2020-09-11 13:43:51.866268160,183.31,15,1599831831866268160
2459,2020-09-11 13:43:51.866303232,183.3196,15,1599831831866303232
2460,2020-09-11 13:43:51.870272768,183.32,15,1599831831870272768
2461,2020-09-11 13:43:52.593979392,183.316,100,1599831832593979392
2462,2020-09-11 13:43:52.912883200,183.3175,1,1599831832912883200
2463,2020-09-11 13:43:52.959709440,183.33,2,1599831832959709440
2464,2020-09-11 13:43:52.961764352,183.33,1,1599831832961764352
2465,2020-09-11 13:43:53.332807424,183.31,200,1599831833332807424
2466,2020-09-11 13:43:53.332812288,183.31,100,1599831833332812288
2467,2020-09-11 13:43:53.332887552,183.31,100,1599831833332887552
2468,2020-09-11 13:43:53.333288448,183.3125,1500,1599831833333288448
2469,2020-09-11 13:43:53.333458944,183.315,200,1599831833333458944
2470,2020-09-11 13:43:53.333478912,183.31,100,1599831833333478912
2472,2020-09-11 13:43:53.333484032,183.315,100,1599831833333484032
2471,2020-09-11 13:43:53.333484032,183.31,100,1599831833333484032
2473,2020-09-11 13:43:53.333509120,183.315,100,1599831833333509120
2474,2020-09-11 13:43:53.334471424,183.315,100,1599831833334471424
2475,2020-09-11 13:43:53.338938624,183.32,500,1599831833338938624
2476,2020-09-11 13:43:53.345207808,183.31,200,1599831833345207808
2477,2020-09-11 13:43:53.345207808,183.31,100,1599831833345207808
2478,2020-09-11 13:43:53.345211904,183.31,100,1599831833345211904
2479,2020-09-11 13:43:53.410873344,183.3125,1500,1599831833410873344
2480,2020-09-11 13:43:53.513729024,183.32,70,1599831833513729024
2481,2020-09-11 13:43:53.513968384,183.32,150,1599831833513968384
2482,2020-09-11 13:43:53.514270208,183.32,300,1599831833514270208
2483,2020-09-11 13:43:53.514349312,183.32,80,1599831833514349312
2484,2020-09-11 13:43:55.650425344,183.32,150,1599831835650425344
2485,2020-09-11 13:43:55.650499072,183.32,50,1599831835650499072
2486,2020-09-11 13:43:55.836297728,183.315,15,1599831835836297728
2487,2020-09-11 13:43:56.561197312,183.32,54,1599831836561197312
2488,2020-09-11 13:43:56.592036096,183.32,100,1599831836592036096
2489,2020-09-11 13:43:56.592040704,183.32,200,1599831836592040704
2490,2020-09-11 13:43:56.592115968,183.32,200,1599831836592115968
2491,2020-09-11 13:43:56.592121344,183.32,200,1599831836592121344
2492,2020-09-11 13:43:56.592171008,183.32,200,1599831836592171008
2493,2020-09-11 13:43:56.595017984,183.32,160,1599831836595017984
2494,2020-09-11 13:43:56.595704576,183.32,200,1599831836595704576
2495,2020-09-11 13:43:56.597769472,183.32,120,1599831836597769472
2496,2020-09-11 13:43:56.599478528,183.32,640,1599831836599478528
2497,2020-09-11 13:43:56.599483648,183.32,200,1599831836599483648
2498,2020-09-11 13:43:56.599488512,183.32,200,1599831836599488512
2499,2020-09-11 13:43:56.599809280,183.32,1400,1599831836599809280
2500,2020-09-11 13:43:56.599809280,183.32,100,1599831836599809280
2501,2020-09-11 13:43:56.600170240,183.325,100,1599831836600170240
2502,2020-09-11 13:43:56.600290560,183.3225,1500,1599831836600290560
2503,2020-09-11 13:43:56.601102336,183.325,100,1599831836601102336
2504,2020-09-11 13:43:56.772856320,183.325,50,1599831836772856320
2505,2020-09-11 13:43:56.996779264,183.3225,1500,1599831836996779264
2506,2020-09-11 13:43:57.357830400,183.32,150,1599831837357830400
2507,2020-09-11 13:43:57.358274560,183.32,100,1599831837358274560
2508,2020-09-11 13:43:57.358289664,183.32,70,1599831837358289664
2509,2020-09-11 13:43:57.358324736,183.32,180,1599831837358324736
2510,2020-09-11 13:43:57.358384896,183.32,100,1599831837358384896
2511,2020-09-11 13:43:57.358384896,183.32,50,1599831837358384896
2512,2020-09-11 13:43:57.358389760,183.32,50,1599831837358389760
2513,2020-09-11 13:43:57.358992128,183.325,200,1599831837358992128
2514,2020-09-11 13:43:57.359117056,183.325,100,1599831837359117056
2515,2020-09-11 13:43:57.517312768,183.31,35,1599831837517312768
2516,2020-09-11 13:43:57.517322752,183.31,60,1599831837517322752
2517,2020-09-11 13:43:57.517373184,183.315,100,1599831837517373184
2518,2020-09-11 13:43:57.517402880,183.31,100,1599831837517402880
2519,2020-09-11 13:43:57.517402880,183.31,200,1599831837517402880
2520,2020-09-11 13:43:57.517408000,183.31,100,1599831837517408000
2521,2020-09-11 13:43:57.517769216,183.31,100,1599831837517769216
2522,2020-09-11 13:43:57.517773824,183.31,100,1599831837517773824
2523,2020-09-11 13:43:57.517778944,183.31,100,1599831837517778944
2524,2020-09-11 13:43:57.517799168,183.31,100,1599831837517799168
2525,2020-09-11 13:43:57.517959168,183.31,5,1599831837517959168
2526,2020-09-11 13:43:57.518009344,183.315,100,1599831837518009344
2527,2020-09-11 13:43:57.518089728,183.315,200,1599831837518089728
2528,2020-09-11 13:43:57.518224896,183.315,100,1599831837518224896
2529,2020-09-11 13:43:57.518906624,183.31,100,1599831837518906624
2530,2020-09-11 13:43:57.518961920,183.315,100,1599831837518961920
2531,2020-09-11 13:43:58.769132032,183.325,100,1599831838769132032
2532,2020-09-11 13:43:58.769137408,183.32,100,1599831838769137408
2533,2020-09-11 13:43:58.769137408,183.32,100,1599831838769137408
2534,2020-09-11 13:43:58.769142016,183.32,100,1599831838769142016
2535,2020-09-11 13:43:58.769157120,183.32,10,1599831838769157120
2536,2020-09-11 13:43:58.769162496,183.32,100,1599831838769162496
2537,2020-09-11 13:43:58.769162496,183.32,100,1599831838769162496
2538,2020-09-11 13:43:58.769172224,183.32,200,1599831838769172224
2539,2020-09-11 13:43:58.769192192,183.32,100,1599831838769192192
2540,2020-09-11 13:43:58.769949184,183.325,200,1599831838769949184
2541,2020-09-11 13:43:58.770295296,183.325,100,1599831838770295296
2542,2020-09-11 13:44:00.018158592,183.325,300,1599831840018158592
2543,2020-09-11 13:44:00.018163456,183.32,300,1599831840018163456
2544,2020-09-11 13:44:00.018345216,183.32,200,1599831840018345216
2545,2020-09-11 13:44:00.018349056,183.32,100,1599831840018349056
2546,2020-09-11 13:44:00.018725632,183.32,100,1599831840018725632
2547,2020-09-11 13:44:00.018729984,183.32,100,1599831840018729984
2548,2020-09-11 13:44:00.018729984,183.32,100,1599831840018729984
2549,2020-09-11 13:44:00.018735616,183.32,100,1599831840018735616
2550,2020-09-11 13:44:00.018945536,183.3225,1500,1599831840018945536
2551,2020-09-11 13:44:00.018980608,183.325,200,1599831840018980608
2552,2020-09-11 13:44:00.019046144,183.325,100,1599831840019046144
2553,2020-09-11 13:44:00.019070720,183.325,100,1599831840019070720
2554,2020-09-11 13:44:00.020013056,183.325,100,1599831840020013056
2555,2020-09-11 13:44:00.055893504,183.3233,1,1599831840055893504
2556,2020-09-11 13:44:00.280678144,183.3001,10,1599831840280678144
2557,2020-09-11 13:44:03.275279872,183.33,55,1599831843275279872
2558,2020-09-11 13:44:03.275851008,183.33,45,1599831843275851008
2559,2020-09-11 13:44:03.729450752,183.32,100,1599831843729450752
2560,2020-09-11 13:44:05.535765504,183.32,500,1599831845535765504
